2984 4975
1374 418 1465 487 65

299 761 554 838 Apsum.
590 779 597 788 ·
778 753 1075 810 Nausellus·
1168 832 1174 838 υ
1419 745 1805 816 Hesselberqius.
2070 736 2256 787 Nostra
2287 724 2546 784 meantia.

383 907 482 965 199

383 1391 492 1448 200

382 1674 485 1732 201

385 1886 493 1945 202

421 2036 473 2080 ot

387 2167 495 2225 203

393 2521 503 2578 204

392 2661 500 2720 205

404 3381 510 3440 206

432 3534 486 3579 ΘΙ,

410 3664 517 3721 207

425 3824 503 3878 sq.

597 897 1004 970 Apfllogoeicus.
1293 891 1697 964 Apologeticus.
1982 877 2067 933 Ad
2097 874 2339 930 nationes
2375 869 2431 923 11.
2459 866 2531 923 ΙΙ.

596 970 682 1024 Ad
720 969 964 1022 nationes
1001 964 1058 1021 ll.
1098 962 1167 1017 ll.
1291 965 1376 1019 Ad
1416 963 1658 1017 nationes
1695 957 1754 1011 1¹.
1790 953 1861 1010 ΙΙ.

599 1042 679 1096 De
700 1037 1003 1096 testimonio
1023 1035 1249 1089 animae·
1295 1037 1374 1091 De
1393 1032 1696 1090 testimonio
1720 1027 1941 1082 animae.

599 1113 680 1167 De
716 1110 1000 1181 baptismo.

597 1184 683 1236 Ad
723 1197 944 1237 uxorem
983 1177 1040 1232 ΙΙ.
1080 1175 1149 1234 11.

605 1255 938 1309 Tertullianus
960 1253 1033 1302 ad
1046 1250 1254 1301 Monta-

665 1328 882 1378 nismum
919 1322 1182 1374 delabitur.

602 1394 713 1466 (aut
734 1394 879 1480 0201)
917 1391 999 1446 De
1037 1405 1253 1445 corona.
1295 1393 1376 1447 De
1412 1386 1681 1460 patientia.
1986 1374 2387 1448 Apologeticus.

601 1461 1255 1535 Devirginibusvelandis.
1295 1462 1379 1517 Ad
1419 1473 1640 1514 uxorem
1679 1452 1737 1506 ll.
1773 1448 1843 1503 11.
1987 1448 2068 1503 De
2088 1445 2394 1501 tes'timonio
2413 1442 2640 1496 animae.

1299 1534 1632 1587 Tertullianus
1656 1527 1729 1577 ad
1742 1523 1949 1573 Monta-

1361 1607 1578 1657 m‘smum
1615 1596 1877 1648 delabitur.

602 1678 684 1733 ΒΘ
734 1676 883 1731 culm
934 1675 1255 1731 feminarum
1297 1678 1375 1732 De
1390 1662 1951 1741 virginibusvelandis.
1989 1658 2070 1713 De
2107 1656 2253 1711 cultu
2289 1653 2470 1708 semin.
2509 1650 2541 1703 Ι.
2573 1648 2638 1704 ΙΙ.

672 1749 729 1804 ll·
772 1743 844 1801 Π·
1297 1748 1379 1802 De
1417 1756 1617 1798 corona
1657 1734 1854 1790 militis.
1989 1730 2071 1785 De
2113 1727 2379 1799 patientia.

1990 1800 2075 1855 Ad
2113 1814 2335 1852 uxorem
2374 1795 2431 1849 11.
2457 1792 2526 1846 n.

604 1890 685 1945 De
721 1890 846 1957 suga
895 1887 948 1939 in
989 1899 1259 1955 perseou-
1299 1885 1379 1940 De
1418 1883 1541 1951 suga
1588 1880 1643 1933 in
1679 1889 1947 1950 persecu·
1994 1872 2326 1925 Tertullianus
2348 1869 2420 1920 ad
2438 1866 2647 1917 Monta-

673 1961 838 2015 tione.
1367 1955 1533 2009 tione.
2059 1945 2276 1995 nismum
2311 1939 2573 1991 delabitur.

604 2032 685 2087 De
703 2026 1072 2083 exhortatione
1090 2021 1256 2077 castit-
1992 2013 2073 2069 De
2110 2027 2312 2066 corona
2350 2007 2547 2062 militis.

605 2101 687 2158 De
724 2096 1081 2168 monogamia.

607 2173 689 2228 De
719 2170 957 2243 jejuniis.

605 2245 689 2300 De
731 2239 1010 2314 pudicitia.
1298 2235 1401 2309 (De
1437 2249 1535 2306 spe
1571 2227 1850 2299 fidelium.)
1995 2221 2076 2277 De
2116 2219 2240 2288 fuga
2282 2217 2339 2270 in
2379 2230 2648 2287 persecu-

606 2315 742 2370 Adv.
783 2311 1058 2365 Praxeam.
2062 2292 2230 2345 tione.

604 2385 744 2441 Adv.
768 2381 1186 2449 Hermogenem.
1995 2363 2076 2418 De
2094 2359 2461 2416 exhortatione
2477 2356 2648 2410 casti-

608 2457 690 2513 De
728 2455 921 2510 anima.
2063 2433 2203 2487 tatis.

606 2528 920 2599 Scorpiace.
1300 2515 1441 2575 Adv.
1478 2513 1757 2569 Praxeam.
1997 2506 2077 2562 De
2090 2501 2385 2573 virginibus
2399 2496 2654 2556 velandis.

607 2600 747 2654 Adv.
771 2591 1190 2650 Valentinianos.

608 2666 861 2742 (207—8)
1303 2659 1385 2714 De
1424 2672 1659 2728 praescr.
1698 2652 1844 2708 haer.
1997 2648 2079 2703 De
2118 2641 2474 2713 monogamia.

609 2742 747 2797 Adv.
780 2735 1118 2793 Marcionem
1155 2728 1192 2782 1.
1222 2725 1263 2779 Ι.
1304 2730 1442 2798 (adv.
1481 2726 1653 2782 Marc.
1692 2724 1777 2778 ed.
1810 2722 1876 2792 Ι.)
1998 2719 2081 2774 De
2110 2715 2348 2788 jejuniis.

610 2814 717 2935 Deh
748 2799 1266 2880 praescriptionibus
1303 2799 1440 2855 Adv.
1472 2796 1888 2863 Hermogenem.
2000 2790 2082 2846 De
2120 2785 2391 2860 pudicitia.

721 2897 830 2934 aer.
2249 2904 2264 2917 μ
2287 2878 2338 2895 ν’
2367 2910 2376 2919 ‚

612 2948 867 3027 (207—8)
1308 2941 1388 2996 De
1426 2956 1593 2996 censu
1629 2937 1854 2990 animae.
2173 2950 2180 2955 ·
2215 2917 2246 2997 s,
2339 2958 2362 2975 κ.
2455 2946 2478 2963 ³·

613 3024 754 3080 Adv.
792 3019 966 3075 Marc.
1002 3015 1038 3067 1.
1076 3007 1267 3067 11-1V.
1310 3014 1391 3068 De
1428 3008 1695 3081 paradiso.
2349 2998 2394 3013 “‘
2433 2994 2442 3017 ¹

615 3098 697 3153 De
735 3107 896 3147 carne
934 3083 1150 3142 Christi.
1311 3084 1392 3139 De
1429 3081 1623 3135 anima.

620 3170 701 3225 De
722 3158 1113 3219 resurrectione
1141 3168 1271 3208 car-

621 3310 756 3366 Adv.
778 3271 964 3359 ‘Mara
999 3299 1035 3352 1.
1076 3295 1142 3349 V.

1313 3364 1450 3420 Adv.
1473 3356 1895 3414 Valentinianos.
2005 3358 2142 3413 Adv.
2174 3354 2449 3409 Praxeam.

1311 3429 1811 3556 AdvaMltffionem
1851 3426 1885 3478 l·
1923 3423 1966 3479 1·
2004 3428 2142 3484 Adv.
2175 3424 2590 3493 Hermogenem.

1313 3500 1920 3689 (AgevsApe‘lzecianosx.)

1312 3648 1451 3706 Λᾶν.
1480 3641 1652 3698 Marc.
1682 3639 1718 3693 l.
1745 3636 1863 3691 u-l
1920 3674 1935 3691 .
2009 3637 2145 3693 Adv.
2182 3634 2354 3690 Mare.
2391 3632 2429 3687 l.
2470 3629 2510 3683 Ι.

1315 3721 1399 3776 De
1437 3730 1600 3769 carne
1637 3709 1852 3766 Christi.
2012 3710 2093 3764 De
2130 3721 2366 3779 praescr.
2395 3701 2597 3756 haeret.

1316 3792 1399 3847 De
1433 3800 1637 3840 resurr.
1679 3779 1872 3834 carnis.

1317 3862 1453 3917 Adv.
1493 3854 1665 3910 Maro.
1701 3850 1736 3905 l.
1775 3847 1841 3903 V.

2012 3919 2114 3990 (De
2152 3933 2315 3972 censu
2348 3911 2598 3983 animae.)

2015 3984 2445 4116 ffi⁰.¹.’.2;‚⁸;¹⁵⁸⁰·'

2013 4130 2153 4188 Adv.
2173 4125 2597 4184 Valentinianos.

2015 4202 2175 4272 (Adv.
2195 4192 2616 4270 Apellecianos.)

2020 4272 2159 4327 Adv.
2191 4270 2362 4326 Marc.
2400 4267 2438 4323 l.
2478 4259 2670 4320 ll-IV.

2080 4373 2111 4433 5
