<?xml version="1.0" encoding="UTF-8"?>
<!DOCTYPE html PUBLIC "-//W3C//DTD XHTML 1.0 Transitional//EN"
    "http://www.w3.org/TR/xhtml1/DTD/xhtml1-transitional.dtd">
<html xmlns="http://www.w3.org/1999/xhtml" xml:lang="en" lang="en">
 <head>
  <title>
</title>
<meta http-equiv="Content-Type" content="text/html;charset=utf-8" />
  <meta name='ocr-system' content='tesseract 3.04.00' />
  <meta name='ocr-capabilities' content='ocr_page ocr_carea ocr_par ocr_line ocrx_word'/>
</head>
<body>
  <div class='ocr_page' id='page_1' title='image "./fundamentachron00uhlhgoog_0033.png"; bbox 0 0 2984 4975; ppageno 0'>
   <div class='ocr_carea' id='block_1_1' title="bbox 330 633 2498 4002">
    <p class='ocr_par' dir='ltr' id='par_1_1' title="bbox 331 633 2496 810">
     <span class='ocr_line' id='line_1_1' title="bbox 331 633 2496 721; baseline 0.002 -20"><span class='ocrx_word' id='word_1_1' title='bbox 331 639 728 703; x_wconf 72' lang='lat' dir='ltr'><strong>cutnulatiore</strong></span> <span class='ocrx_word' id='word_1_2' title='bbox 774 636 1056 709; x_wconf 75' lang='lat' dir='ltr'><strong>militibus</strong></span> <span class='ocrx_word' id='word_1_3' title='bbox 1080 684 1097 719; x_wconf 93' lang='lat'><strong>,</strong></span> <span class='ocrx_word' id='word_1_4' title='bbox 1154 636 1581 701; x_wconf 76' lang='lat' dir='ltr'><strong>Alexandriam</strong></span> <span class='ocrx_word' id='word_1_5' title='bbox 1629 633 1817 721; x_wconf 75' lang='lat' dir='ltr'><strong>petiit,</strong></span> <span class='ocrx_word' id='word_1_6' title='bbox 1885 641 2049 705; x_wconf 89' lang='lat' dir='ltr'><strong>unde</strong></span> <span class='ocrx_word' id='word_1_7' title='bbox 2093 639 2341 708; x_wconf 86' lang='lat' dir='ltr'><strong>Romam</strong></span> <span class='ocrx_word' id='word_1_8' title='bbox 2386 661 2496 705; x_wconf 85' lang='lat' dir='ltr'><strong>re-</strong></span> 
     </span>
     <span class='ocr_line' id='line_1_2' title="bbox 333 745 534 810; baseline 0.01 -3"><span class='ocrx_word' id='word_1_9' title='bbox 333 745 534 810; x_wconf 82' lang='lat' dir='ltr'><strong>vertit.</strong></span> 
     </span>
    </p>

    <p class='ocr_par' dir='ltr' id='par_1_2' title="bbox 330 849 2498 4002">
     <span class='ocr_line' id='line_1_3' title="bbox 438 849 2497 935; baseline 0.001 -21"><span class='ocrx_word' id='word_1_10' title='bbox 438 869 449 876; x_wconf 62' lang='lat'><em>⁴</em></span> <span class='ocrx_word' id='word_1_11' title='bbox 503 850 578 914; x_wconf 88' lang='lat' dir='ltr'><strong>Et</strong></span> <span class='ocrx_word' id='word_1_12' title='bbox 619 851 848 916; x_wconf 73' lang='lat' dir='ltr'><strong>initium</strong></span> <span class='ocrx_word' id='word_1_13' title='bbox 894 851 955 913; x_wconf 83' lang='lat' dir='ltr'><strong>ot</strong></span> <span class='ocrx_word' id='word_1_14' title='bbox 998 850 1134 912; x_wconf 80' lang='lat' dir='ltr'><strong>linis</strong></span> <span class='ocrx_word' id='word_1_15' title='bbox 1192 849 1337 913; x_wconf 86' lang='lat' dir='ltr'><strong>belli</strong></span> <span class='ocrx_word' id='word_1_16' title='bbox 1382 857 1551 914; x_wconf 87' lang='lat' dir='ltr'><strong>certo</strong></span> <span class='ocrx_word' id='word_1_17' title='bbox 1597 849 1835 916; x_wconf 80' lang='lat' dir='ltr'><strong>definiri</strong></span> <span class='ocrx_word' id='word_1_18' title='bbox 1892 861 2163 935; x_wconf 76' lang='lat' dir='ltr'><strong>possunt.</strong></span> <span class='ocrx_word' id='word_1_19' title='bbox 2262 854 2335 917; x_wconf 90' lang='lat' dir='ltr'><strong>Ut</strong></span> <span class='ocrx_word' id='word_1_20' title='bbox 2381 869 2497 920; x_wconf 87' lang='lat' dir='ltr'><strong>an-</strong></span> 
     </span>
     <span class='ocr_line' id='line_1_4' title="bbox 331 951 2495 1037; baseline 0 -16"><span class='ocrx_word' id='word_1_21' title='bbox 331 966 429 1021; x_wconf 87' lang='lat' dir='ltr'><strong>tea</strong></span> <span class='ocrx_word' id='word_1_22' title='bbox 475 954 1048 1035; x_wconf 57' lang='lat' dir='ltr'><strong>demonfflravimuS,</strong></span> <span class='ocrx_word' id='word_1_23' title='bbox 1114 951 1188 1015; x_wconf 89' lang='lat' dir='ltr'><strong>ad</strong></span> <span class='ocrx_word' id='word_1_24' title='bbox 1233 952 1453 1016; x_wconf 88' lang='lat' dir='ltr'><strong>bellum</strong></span> <span class='ocrx_word' id='word_1_25' title='bbox 1501 953 1839 1034; x_wconf 79' lang='lat' dir='ltr'><strong>gerendum</strong></span> <span class='ocrx_word' id='word_1_26' title='bbox 1884 956 2194 1037; x_wconf 73' lang='lat' dir='ltr'><strong>profectus</strong></span> <span class='ocrx_word' id='word_1_27' title='bbox 2239 964 2336 1020; x_wconf 82' lang='lat' dir='ltr'><strong>est</strong></span> <span class='ocrx_word' id='word_1_28' title='bbox 2378 957 2495 1020; x_wconf 83' lang='lat' dir='ltr'><strong>Se-</strong></span> 
     </span>
     <span class='ocr_line' id='line_1_5' title="bbox 331 1059 2497 1144; baseline -0.001 -17"><span class='ocrx_word' id='word_1_29' title='bbox 331 1082 514 1128; x_wconf 87' lang='lat' dir='ltr'><strong>verus</strong></span> <span class='ocrx_word' id='word_1_30' title='bbox 555 1084 608 1127; x_wconf 89' lang='lat' dir='ltr'><strong>a.</strong></span> <span class='ocrx_word' id='word_1_31' title='bbox 662 1061 800 1123; x_wconf 86' lang='grc'>197.</span> <span class='ocrx_word' id='word_1_32' title='bbox 911 1059 1238 1123; x_wconf 76' lang='lat' dir='ltr'><strong>Consulatu</strong></span> <span class='ocrx_word' id='word_1_33' title='bbox 1296 1077 1416 1122; x_wconf 91' lang='lat' dir='ltr'><strong>una</strong></span> <span class='ocrx_word' id='word_1_34' title='bbox 1482 1078 1619 1122; x_wconf 89' lang='lat' dir='ltr'><strong>cum</strong></span> <span class='ocrx_word' id='word_1_35' title='bbox 1677 1059 1798 1124; x_wconf 83' lang='lat' dir='ltr'><strong>filio</strong></span> <span class='ocrx_word' id='word_1_36' title='bbox 1854 1065 2079 1144; x_wconf 89' lang='lat' dir='ltr'><strong>majore</strong></span> <span class='ocrx_word' id='word_1_37' title='bbox 2122 1063 2363 1127; x_wconf 83' lang='lat' dir='ltr'><strong>functus</strong></span> <span class='ocrx_word' id='word_1_38' title='bbox 2403 1070 2497 1126; x_wconf 87' lang='lat' dir='ltr'><strong>est</strong></span> 
     </span>
     <span class='ocr_line' id='line_1_6' title="bbox 332 1164 2496 1252; baseline 0 -21"><span class='ocrx_word' id='word_1_39' title='bbox 332 1188 385 1231; x_wconf 91' lang='lat' dir='ltr'><strong>a.</strong></span> <span class='ocrx_word' id='word_1_40' title='bbox 412 1169 555 1251; x_wconf 83' lang='lat'><strong>202,</strong></span> <span class='ocrx_word' id='word_1_41' title='bbox 603 1185 757 1252; x_wconf 85' lang='lat' dir='ltr'><strong>ergo</strong></span> <span class='ocrx_word' id='word_1_42' title='bbox 786 1184 929 1230; x_wconf 88' lang='lat' dir='ltr'><strong>sese</strong></span> <span class='ocrx_word' id='word_1_43' title='bbox 956 1184 1093 1228; x_wconf 90' lang='lat' dir='ltr'><strong>cum</strong></span> <span class='ocrx_word' id='word_1_44' title='bbox 1131 1164 1251 1227; x_wconf 89' lang='lat' dir='ltr'><strong>filio</strong></span> <span class='ocrx_word' id='word_1_45' title='bbox 1284 1165 1598 1229; x_wconf 89' lang='lat' dir='ltr'><strong>consulem</strong></span> <span class='ocrx_word' id='word_1_46' title='bbox 1628 1165 1968 1247; x_wconf 87' lang='lat' dir='ltr'><strong>designavit</strong></span> <span class='ocrx_word' id='word_1_47' title='bbox 1993 1187 2046 1231; x_wconf 90' lang='lat' dir='ltr'><strong>a.</strong></span> <span class='ocrx_word' id='word_1_48' title='bbox 2078 1169 2221 1230; x_wconf 82' lang='lat'><strong>201.</strong></span> <span class='ocrx_word' id='word_1_49' title='bbox 2307 1168 2496 1231; x_wconf 90' lang='lat' dir='ltr'><strong>Prae-</strong></span> 
     </span>
     <span class='ocr_line' id='line_1_7' title="bbox 333 1268 2494 1358; baseline -0 -21"><span class='ocrx_word' id='word_1_50' title='bbox 333 1281 504 1338; x_wconf 87' lang='lat' dir='ltr'><strong>terea</strong></span> <span class='ocrx_word' id='word_1_51' title='bbox 550 1273 747 1354; x_wconf 88' lang='lat' dir='ltr'><strong>etiam,</strong></span> <span class='ocrx_word' id='word_1_52' title='bbox 791 1289 910 1353; x_wconf 86' lang='lat' dir='ltr'><strong>quo</strong></span> <span class='ocrx_word' id='word_1_53' title='bbox 956 1287 1116 1334; x_wconf 85' lang='lat' dir='ltr'><strong>anno</strong></span> <span class='ocrx_word' id='word_1_54' title='bbox 1160 1269 1307 1332; x_wconf 89' lang='lat' dir='ltr'><strong>urbs</strong></span> <span class='ocrx_word' id='word_1_55' title='bbox 1355 1268 1680 1352; x_wconf 88' lang='lat' dir='ltr'><strong>Ctesiphon</strong></span> <span class='ocrx_word' id='word_1_56' title='bbox 1728 1280 2076 1353; x_wconf 87' lang='lat' dir='ltr'><strong>expugnata</strong></span> <span class='ocrx_word' id='word_1_57' title='bbox 2122 1274 2215 1358; x_wconf 89' lang='lat' dir='ltr'><strong>sit,</strong></span> <span class='ocrx_word' id='word_1_58' title='bbox 2263 1275 2494 1338; x_wconf 89' lang='lat' dir='ltr'><strong>consti-</strong></span> 
     </span>
     <span class='ocr_line' id='line_1_8' title="bbox 333 1375 2496 1462; baseline 0 -19"><span class='ocrx_word' id='word_1_59' title='bbox 333 1383 418 1445; x_wconf 89' lang='lat' dir='ltr'><strong>tui</strong></span> <span class='ocrx_word' id='word_1_60' title='bbox 476 1388 692 1462; x_wconf 84' lang='lat' dir='ltr'><strong>potest.</strong></span> <span class='ocrx_word' id='word_1_61' title='bbox 804 1375 1156 1457; x_wconf 74' lang='lat' dir='ltr'><strong>Spartianus</strong></span> <span class='ocrx_word' id='word_1_62' title='bbox 1212 1376 1370 1438; x_wconf 87' lang='lat' dir='ltr'><strong>enim</strong></span> <span class='ocrx_word' id='word_1_63' title='bbox 1434 1376 1646 1459; x_wconf 84' lang='lat' dir='ltr'><strong>refert,</strong></span> <span class='ocrx_word' id='word_1_64' title='bbox 1707 1377 1921 1442; x_wconf 80' lang='lat' dir='ltr'><strong>milites</strong></span> <span class='ocrx_word' id='word_1_65' title='bbox 1982 1380 2135 1443; x_wconf 86' lang='lat' dir='ltr'><strong>urbe</strong></span> <span class='ocrx_word' id='word_1_66' title='bbox 2180 1380 2278 1443; x_wconf 90' lang='lat' dir='ltr'><strong>illa</strong></span> <span class='ocrx_word' id='word_1_67' title='bbox 2324 1388 2496 1460; x_wconf 88' lang='lat' dir='ltr'><strong>capta</strong></span> 
     </span>
     <span class='ocr_line' id='line_1_9' title="bbox 332 1481 2494 1566; baseline -0.001 -14"><span class='ocrx_word' id='word_1_68' title='bbox 332 1488 700 1554; x_wconf 73' lang='lat' dir='ltr'><strong>Antoninum</strong></span> <span class='ocrx_word' id='word_1_69' title='bbox 746 1482 1110 1566; x_wconf 83' lang='lat' dir='ltr'><strong>Augustum,</strong></span> <span class='ocrx_word' id='word_1_70' title='bbox 1158 1481 1367 1547; x_wconf 89' lang='lat' dir='ltr'><strong>Getam</strong></span> <span class='ocrx_word' id='word_1_71' title='bbox 1415 1481 1745 1547; x_wconf 89' lang='lat' dir='ltr'><strong>Caesarem</strong></span> <span class='ocrx_word' id='word_1_72' title='bbox 1792 1484 2037 1548; x_wconf 80' lang='lat' dir='ltr'><strong>dixisse.</strong></span> <span class='ocrx_word' id='word_1_73' title='bbox 2125 1483 2494 1552; x_wconf 77' lang='lat' dir='ltr'><strong>Antoninum</strong></span> 
     </span>
     <span class='ocr_line' id='line_1_10' title="bbox 331 1587 2496 1674; baseline 0.001 -21"><span class='ocrx_word' id='word_1_74' title='bbox 331 1600 531 1654; x_wconf 86' lang='lat' dir='ltr'><strong>autem</strong></span> <span class='ocrx_word' id='word_1_75' title='bbox 591 1590 955 1654; x_wconf 77' lang='lat' dir='ltr'><strong>tribunitiam</strong></span> <span class='ocrx_word' id='word_1_76' title='bbox 1012 1596 1369 1671; x_wconf 87' lang='lat' dir='ltr'><strong>potestatem</strong></span> <span class='ocrx_word' id='word_1_77' title='bbox 1432 1605 1487 1652; x_wconf 88' lang='grc'><strong>3.</strong></span> <span class='ocrx_word' id='word_1_78' title='bbox 1542 1590 1660 1651; x_wconf 88' lang='grc'><strong>198</strong></span> <span class='ocrx_word' id='word_1_79' title='bbox 1718 1589 2033 1672; x_wconf 85' lang='lat' dir='ltr'><strong>accepisse</strong></span> <span class='ocrx_word' id='word_1_80' title='bbox 2093 1587 2319 1654; x_wconf 83' lang='lat' dir='ltr'><strong>nummi</strong></span> <span class='ocrx_word' id='word_1_81' title='bbox 2364 1594 2496 1674; x_wconf 84' lang='lat' dir='ltr'><strong>ejus</strong></span> 
     </span>
     <span class='ocr_line' id='line_1_11' title="bbox 330 1695 2491 1781; baseline 0.001 -22"><span class='ocrx_word' id='word_1_82' title='bbox 330 1699 570 1780; x_wconf 86' lang='lat' dir='ltr'><strong>docent,</strong></span> <span class='ocrx_word' id='word_1_83' title='bbox 612 1715 750 1761; x_wconf 83' lang='lat' dir='ltr'><strong>nam</strong></span> <span class='ocrx_word' id='word_1_84' title='bbox 797 1697 1025 1759; x_wconf 84' lang='lat' dir='ltr'><strong>nummi</strong></span> <span class='ocrx_word' id='word_1_85' title='bbox 1063 1695 1252 1758; x_wconf 89' lang='lat' dir='ltr'><strong>ultimi</strong></span> <span class='ocrx_word' id='word_1_86' title='bbox 1286 1698 1418 1778; x_wconf 87' lang='lat' dir='ltr'><strong>ejus</strong></span> <span class='ocrx_word' id='word_1_87' title='bbox 1464 1699 1605 1759; x_wconf 87' lang='lat' dir='ltr'><strong>anni</strong></span> <span class='ocrx_word' id='word_1_88' title='bbox 1642 1696 1764 1758; x_wconf 81' lang='lat'><strong>217</strong></span> <span class='ocrx_word' id='word_1_89' title='bbox 1796 1696 2021 1761; x_wconf 86' lang='lat' dir='ltr'><strong>habent</strong></span> <span class='ocrx_word' id='word_1_90' title='bbox 2052 1698 2167 1762; x_wconf 80' lang='grc' dir='ltr'><strong>ΤΒ.</strong></span> <span class='ocrx_word' id='word_1_91' title='bbox 2193 1699 2252 1763; x_wconf 93' lang='grc' dir='ltr'><strong>Ρ.</strong></span> <span class='ocrx_word' id='word_1_92' title='bbox 2278 1695 2408 1761; x_wconf 90' lang='lat' dir='ltr'><strong>XX.</strong></span> <span class='ocrx_word' id='word_1_93' title='bbox 2447 1697 2491 1781; x_wconf 87' lang='grc'><strong>1)</strong></span> 
     </span>
     <span class='ocr_line' id='line_1_12' title="bbox 333 1802 2496 1885; baseline 0 -19"><span class='ocrx_word' id='word_1_94' title='bbox 333 1807 535 1885; x_wconf 85' lang='lat' dir='ltr'><strong>itaque</strong></span> <span class='ocrx_word' id='word_1_95' title='bbox 598 1804 825 1866; x_wconf 88' lang='lat' dir='ltr'><strong>initium</strong></span> <span class='ocrx_word' id='word_1_96' title='bbox 886 1802 1021 1866; x_wconf 88' lang='lat' dir='ltr'><strong>trib.</strong></span> <span class='ocrx_word' id='word_1_97' title='bbox 1085 1809 1207 1883; x_wconf 91' lang='lat' dir='ltr'><strong>pot.</strong></span> <span class='ocrx_word' id='word_1_98' title='bbox 1273 1804 1332 1864; x_wconf 91' lang='lat' dir='ltr'><strong>in</strong></span> <span class='ocrx_word' id='word_1_99' title='bbox 1396 1820 1619 1866; x_wconf 87' lang='lat' dir='ltr'><strong>annum</strong></span> <span class='ocrx_word' id='word_1_100' title='bbox 1686 1803 1806 1864; x_wconf 91' lang='grc'><strong>198</strong></span> <span class='ocrx_word' id='word_1_101' title='bbox 1871 1804 2046 1869; x_wconf 88' lang='lat' dir='ltr'><strong>cadit.</strong></span> <span class='ocrx_word' id='word_1_102' title='bbox 2150 1803 2255 1868; x_wconf 88' lang='lat' dir='ltr'><strong>lno</strong></span> <span class='ocrx_word' id='word_1_103' title='bbox 2311 1807 2496 1885; x_wconf 86' lang='lat' dir='ltr'><strong>igitur</strong></span> 
     </span>
     <span class='ocr_line' id='line_1_13' title="bbox 333 1905 2494 1991; baseline -0 -17"><span class='ocrx_word' id='word_1_104' title='bbox 333 1927 492 1974; x_wconf 84' lang='lat' dir='ltr'><strong>anno</strong></span> <span class='ocrx_word' id='word_1_105' title='bbox 527 1910 673 1972; x_wconf 88' lang='lat' dir='ltr'><strong>urbs</strong></span> <span class='ocrx_word' id='word_1_106' title='bbox 698 1907 1022 1989; x_wconf 87' lang='lat' dir='ltr'><strong>Ctesiphon</strong></span> <span class='ocrx_word' id='word_1_107' title='bbox 1058 1913 1404 1989; x_wconf 84' lang='lat' dir='ltr'><strong>expugnata</strong></span> <span class='ocrx_word' id='word_1_108' title='bbox 1435 1916 1544 1971; x_wconf 90' lang='lat' dir='ltr'><strong>est.</strong></span> <span class='ocrx_word' id='word_1_109' title='bbox 1635 1909 1810 1982; x_wconf 86' lang='lat' dir='ltr'><strong>Quod</strong></span> <span class='ocrx_word' id='word_1_110' title='bbox 1842 1918 2261 1991; x_wconf 80' lang='lat' dir='ltr'><strong>argumentum</strong></span> <span class='ocrx_word' id='word_1_111' title='bbox 2292 1905 2494 1973; x_wconf 90' lang='lat' dir='ltr'><strong>Noes-</strong></span> 
     </span>
     <span class='ocr_line' id='line_1_14' title="bbox 332 2013 2495 2099; baseline -0.001 -19"><span class='ocrx_word' id='word_1_112' title='bbox 332 2017 550 2099; x_wconf 82' lang='lat' dir='ltr'><strong>seltuS,</strong></span> <span class='ocrx_word' id='word_1_113' title='bbox 617 2014 719 2098; x_wconf 89' lang='lat' dir='ltr'><strong>qui</strong></span> <span class='ocrx_word' id='word_1_114' title='bbox 780 2013 894 2075; x_wconf 89' lang='lat' dir='ltr'><strong>hac</strong></span> <span class='ocrx_word' id='word_1_115' title='bbox 938 2013 997 2074; x_wconf 91' lang='lat' dir='ltr'><strong>in</strong></span> <span class='ocrx_word' id='word_1_116' title='bbox 1059 2031 1128 2075; x_wconf 90' lang='lat' dir='ltr'><strong>re</strong></span> <span class='ocrx_word' id='word_1_117' title='bbox 1186 2013 1387 2076; x_wconf 89' lang='lat' dir='ltr'><strong>omnia</strong></span> <span class='ocrx_word' id='word_1_118' title='bbox 1431 2015 1775 2097; x_wconf 88' lang='lat' dir='ltr'><strong>perturbat,</strong></span> <span class='ocrx_word' id='word_1_119' title='bbox 1833 2014 2109 2096; x_wconf 84' lang='lat' dir='ltr'><strong>effugere</strong></span> <span class='ocrx_word' id='word_1_120' title='bbox 2154 2014 2353 2092; x_wconf 80' lang='lat' dir='ltr'><strong>studet</strong></span> <span class='ocrx_word' id='word_1_121' title='bbox 2400 2015 2495 2078; x_wconf 88' lang='lat' dir='ltr'><strong>di-</strong></span> 
     </span>
     <span class='ocr_line' id='line_1_15' title="bbox 331 2118 2488 2203; baseline -0.001 -15"><span class='ocrx_word' id='word_1_122' title='bbox 331 2124 648 2203; x_wconf 83' lang='lat' dir='ltr'><strong>stinguens</strong></span> <span class='ocrx_word' id='word_1_123' title='bbox 725 2137 984 2201; x_wconf 88' lang='lat' dir='ltr'><strong>annum,</strong></span> <span class='ocrx_word' id='word_1_124' title='bbox 1044 2137 1165 2200; x_wconf 86' lang='lat' dir='ltr'><strong>quo</strong></span> <span class='ocrx_word' id='word_1_125' title='bbox 1234 2118 1546 2186; x_wconf 86' lang='lat' dir='ltr'><strong>Caracalla</strong></span> <span class='ocrx_word' id='word_1_126' title='bbox 1611 2141 1646 2184; x_wconf 86' lang='lat' dir='ltr'><strong>a</strong></span> <span class='ocrx_word' id='word_1_127' title='bbox 1712 2129 1928 2184; x_wconf 86' lang='lat' dir='ltr'><strong>senatu</strong></span> <span class='ocrx_word' id='word_1_128' title='bbox 1993 2121 2308 2203; x_wconf 83' lang='lat' dir='ltr'><strong>Augustus</strong></span> <span class='ocrx_word' id='word_1_129' title='bbox 2366 2140 2488 2185; x_wconf 88' lang='lat' dir='ltr'><strong>vo-</strong></span> 
     </span>
     <span class='ocr_line' id='line_1_16' title="bbox 331 2224 2496 2310; baseline -0.001 -19"><span class='ocrx_word' id='word_1_130' title='bbox 331 2236 503 2292; x_wconf 89' lang='lat' dir='ltr'><strong>catus</strong></span> <span class='ocrx_word' id='word_1_131' title='bbox 546 2228 657 2309; x_wconf 86' lang='lat' dir='ltr'><strong>sit,</strong></span> <span class='ocrx_word' id='word_1_132' title='bbox 719 2224 796 2310; x_wconf 86' lang='lat' dir='ltr'><strong>(a.</strong></span> <span class='ocrx_word' id='word_1_133' title='bbox 847 2226 991 2306; x_wconf 85' lang='lat'><strong>198,</strong></span> <span class='ocrx_word' id='word_1_134' title='bbox 1034 2227 1189 2290; x_wconf 86' lang='lat' dir='ltr'><strong>sicut</strong></span> <span class='ocrx_word' id='word_1_135' title='bbox 1229 2226 1332 2289; x_wconf 90' lang='lat' dir='ltr'><strong>ille</strong></span> <span class='ocrx_word' id='word_1_136' title='bbox 1376 2233 1568 2309; x_wconf 85' lang='lat' dir='ltr'><strong>putat,</strong></span> <span class='ocrx_word' id='word_1_137' title='bbox 1609 2233 1749 2290; x_wconf 88' lang='lat' dir='ltr'><strong>ante</strong></span> <span class='ocrx_word' id='word_1_138' title='bbox 1794 2226 2234 2308; x_wconf 81' lang='lat' dir='ltr'><strong>profectionem</strong></span> <span class='ocrx_word' id='word_1_139' title='bbox 2279 2226 2496 2291; x_wconf 80' lang='lat' dir='ltr'><strong>Severi</strong></span> 
     </span>
     <span class='ocr_line' id='line_1_17' title="bbox 330 2330 2495 2415; baseline -0.001 -19"><span class='ocrx_word' id='word_1_140' title='bbox 330 2335 390 2396; x_wconf 92' lang='lat' dir='ltr'><strong>in</strong></span> <span class='ocrx_word' id='word_1_141' title='bbox 415 2333 748 2414; x_wconf 81' lang='lat' dir='ltr'><strong>Orientem,</strong></span> <span class='ocrx_word' id='word_1_142' title='bbox 794 2332 867 2394; x_wconf 83' lang='lat' dir='ltr'><strong>cf.</strong></span> <span class='ocrx_word' id='word_1_143' title='bbox 891 2331 927 2393; x_wconf 92' lang='grc'><strong>1.</strong></span> <span class='ocrx_word' id='word_1_144' title='bbox 973 2349 1026 2394; x_wconf 90' lang='lat' dir='ltr'><strong>c.</strong></span> <span class='ocrx_word' id='word_1_145' title='bbox 1055 2350 1110 2413; x_wconf 88' lang='lat' dir='ltr'><strong>p.</strong></span> <span class='ocrx_word' id='word_1_146' title='bbox 1140 2332 1175 2392; x_wconf 84' lang='lat'><strong>7</strong></span> <span class='ocrx_word' id='word_1_147' title='bbox 1184 2330 1243 2415; x_wconf 86' lang='grc'><strong>2)</strong></span> <span class='ocrx_word' id='word_1_148' title='bbox 1271 2332 1349 2394; x_wconf 87' lang='lat' dir='ltr'><strong>ab</strong></span> <span class='ocrx_word' id='word_1_149' title='bbox 1381 2348 1457 2395; x_wconf 86' lang='lat' dir='ltr'><strong>eo</strong></span> <span class='ocrx_word' id='word_1_150' title='bbox 1490 2349 1671 2414; x_wconf 87' lang='lat' dir='ltr'><strong>anno,</strong></span> <span class='ocrx_word' id='word_1_151' title='bbox 1724 2349 1845 2413; x_wconf 90' lang='lat' dir='ltr'><strong>quo</strong></span> <span class='ocrx_word' id='word_1_152' title='bbox 1892 2352 1928 2395; x_wconf 87' lang='lat' dir='ltr'><strong>a</strong></span> <span class='ocrx_word' id='word_1_153' title='bbox 1966 2331 2249 2396; x_wconf 84' lang='lat' dir='ltr'><strong>militibus</strong></span> <span class='ocrx_word' id='word_1_154' title='bbox 2272 2330 2495 2411; x_wconf 68' lang='lat' dir='ltr'><strong>Augu-⁴</strong></span> 
     </span>
     <span class='ocr_line' id='line_1_18' title="bbox 334 2435 2495 2521; baseline -0.001 -19"><span class='ocrx_word' id='word_1_155' title='bbox 334 2445 462 2502; x_wconf 87' lang='lat' dir='ltr'><strong>stus</strong></span> <span class='ocrx_word' id='word_1_156' title='bbox 508 2437 699 2502; x_wconf 84' lang='lat' dir='ltr'><strong>dictus</strong></span> <span class='ocrx_word' id='word_1_157' title='bbox 732 2438 808 2501; x_wconf 89' lang='lat' dir='ltr'><strong>sit</strong></span> <span class='ocrx_word' id='word_1_158' title='bbox 855 2435 1210 2521; x_wconf 88' lang='lat' dir='ltr'><strong>(secundum</strong></span> <span class='ocrx_word' id='word_1_159' title='bbox 1256 2437 1370 2500; x_wconf 86' lang='lat' dir='ltr'><strong>viri</strong></span> <span class='ocrx_word' id='word_1_160' title='bbox 1416 2436 1578 2502; x_wconf 84' lang='lat' dir='ltr'><strong>docti</strong></span> <span class='ocrx_word' id='word_1_161' title='bbox 1622 2438 1979 2502; x_wconf 88' lang='lat' dir='ltr'><strong>sententiam</strong></span> <span class='ocrx_word' id='word_1_162' title='bbox 2010 2457 2062 2501; x_wconf 92' lang='grc'><strong>3.</strong></span> <span class='ocrx_word' id='word_1_163' title='bbox 2098 2435 2262 2520; x_wconf 85' lang='lat'>201).</span> <span class='ocrx_word' id='word_1_164' title='bbox 2352 2436 2495 2500; x_wconf 87' lang='lat' dir='ltr'><strong>Sine</strong></span> 
     </span>
     <span class='ocr_line' id='line_1_19' title="bbox 334 2538 2496 2626; baseline -0.002 -18"><span class='ocrx_word' id='word_1_165' title='bbox 334 2563 518 2608; x_wconf 89' lang='lat' dir='ltr'><strong>causa</strong></span> <span class='ocrx_word' id='word_1_166' title='bbox 583 2545 661 2607; x_wconf 90' lang='lat' dir='ltr'><strong>ita</strong></span> <span class='ocrx_word' id='word_1_167' title='bbox 717 2542 996 2606; x_wconf 87' lang='lat' dir='ltr'><strong>distinxit.</strong></span> <span class='ocrx_word' id='word_1_168' title='bbox 1097 2542 1247 2607; x_wconf 89' lang='lat' dir='ltr'><strong>Nam</strong></span> <span class='ocrx_word' id='word_1_169' title='bbox 1293 2538 1646 2608; x_wconf 88' lang='lat' dir='ltr'><strong>Noesseltus</strong></span> <span class='ocrx_word' id='word_1_170' title='bbox 1702 2547 1832 2626; x_wconf 89' lang='lat' dir='ltr'><strong>ipse</strong></span> <span class='ocrx_word' id='word_1_171' title='bbox 1874 2545 1978 2607; x_wconf 87' lang='lat' dir='ltr'><strong>vix</strong></span> <span class='ocrx_word' id='word_1_172' title='bbox 2040 2543 2246 2607; x_wconf 90' lang='lat' dir='ltr'><strong>dicere</strong></span> <span class='ocrx_word' id='word_1_173' title='bbox 2290 2545 2496 2625; x_wconf 86' lang='lat' dir='ltr'><strong>possit,</strong></span> 
     </span>
     <span class='ocr_line' id='line_1_20' title="bbox 333 2646 2495 2732; baseline -0.001 -19"><span class='ocrx_word' id='word_1_174' title='bbox 333 2669 474 2732; x_wconf 91' lang='lat' dir='ltr'><strong>cur,</strong></span> <span class='ocrx_word' id='word_1_175' title='bbox 553 2649 606 2714; x_wconf 93' lang='lat' dir='ltr'><strong>si</strong></span> <span class='ocrx_word' id='word_1_176' title='bbox 669 2655 917 2712; x_wconf 87' lang='lat' dir='ltr'><strong>senatus</strong></span> <span class='ocrx_word' id='word_1_177' title='bbox 998 2655 1059 2712; x_wconf 90' lang='lat' dir='ltr'><strong>et</strong></span> <span class='ocrx_word' id='word_1_178' title='bbox 1123 2647 1411 2713; x_wconf 86' lang='lat' dir='ltr'><strong>Severus</strong></span> <span class='ocrx_word' id='word_1_179' title='bbox 1457 2649 1592 2730; x_wconf 92' lang='lat' dir='ltr'><strong>ipse</strong></span> <span class='ocrx_word' id='word_1_180' title='bbox 1659 2646 2027 2713; x_wconf 89' lang='lat' dir='ltr'><strong>Caracallam</strong></span> <span class='ocrx_word' id='word_1_181' title='bbox 2085 2650 2205 2732; x_wconf 88' lang='lat' dir='ltr'><strong>jam</strong></span> <span class='ocrx_word' id='word_1_182' title='bbox 2272 2646 2495 2728; x_wconf 83' lang='lat' dir='ltr'><strong>Augu-</strong></span> 
     </span>
     <span class='ocr_line' id='line_1_21' title="bbox 331 2753 2496 2837; baseline -0.001 -17"><span class='ocrx_word' id='word_1_183' title='bbox 331 2765 487 2820; x_wconf 88' lang='lat' dir='ltr'><strong>stum</strong></span> <span class='ocrx_word' id='word_1_184' title='bbox 533 2757 1035 2837; x_wconf 88' lang='lat' dir='ltr'><strong>renunciassent,</strong></span> <span class='ocrx_word' id='word_1_185' title='bbox 1097 2754 1312 2818; x_wconf 88' lang='lat' dir='ltr'><strong>milites</strong></span> <span class='ocrx_word' id='word_1_186' title='bbox 1347 2764 1494 2836; x_wconf 77' lang='lat' dir='ltr'><strong>post</strong></span> <span class='ocrx_word' id='word_1_187' title='bbox 1539 2756 1866 2819; x_wconf 77' lang='lat' dir='ltr'><strong>triennium</strong></span> <span class='ocrx_word' id='word_1_188' title='bbox 1925 2773 2064 2818; x_wconf 91' lang='lat' dir='ltr'><strong>eum</strong></span> <span class='ocrx_word' id='word_1_189' title='bbox 2109 2756 2328 2818; x_wconf 87' lang='lat' dir='ltr'><strong>iterum</strong></span> <span class='ocrx_word' id='word_1_190' title='bbox 2359 2753 2496 2819; x_wconf 90' lang='lat' dir='ltr'><strong>Au-</strong></span> 
     </span>
     <span class='ocr_line' id='line_1_22' title="bbox 331 2860 2495 2944; baseline -0.003 -18"><span class='ocrx_word' id='word_1_191' title='bbox 331 2869 573 2944; x_wconf 83' lang='lat' dir='ltr'><strong>gustum</strong></span> <span class='ocrx_word' id='word_1_192' title='bbox 616 2861 904 2924; x_wconf 81' lang='lat' dir='ltr'><strong>dixerint!</strong></span> <span class='ocrx_word' id='word_1_193' title='bbox 993 2861 1143 2926; x_wconf 90' lang='lat' dir='ltr'><strong>Sunt</strong></span> <span class='ocrx_word' id='word_1_194' title='bbox 1185 2862 1396 2943; x_wconf 84' lang='lat' dir='ltr'><strong>etiam,</strong></span> <span class='ocrx_word' id='word_1_195' title='bbox 1445 2861 1548 2942; x_wconf 85' lang='lat' dir='ltr'><strong>qui</strong></span> <span class='ocrx_word' id='word_1_196' title='bbox 1594 2861 1710 2925; x_wconf 87' lang='lat' dir='ltr'><strong>alio</strong></span> <span class='ocrx_word' id='word_1_197' title='bbox 1756 2860 1938 2924; x_wconf 86' lang='lat' dir='ltr'><strong>modo</strong></span> <span class='ocrx_word' id='word_1_198' title='bbox 1982 2860 2352 2943; x_wconf 81' lang='lat' dir='ltr'><strong>distinguant</strong></span> <span class='ocrx_word' id='word_1_199' title='bbox 2395 2860 2495 2921; x_wconf 88' lang='lat' dir='ltr'><strong>in-</strong></span> 
     </span>
     <span class='ocr_line' id='line_1_23' title="bbox 332 2963 2495 3030; baseline -0.001 -1"><span class='ocrx_word' id='word_1_200' title='bbox 332 2976 426 3029; x_wconf 86' lang='lat' dir='ltr'><strong>ter</strong></span> <span class='ocrx_word' id='word_1_201' title='bbox 468 2967 848 3030; x_wconf 83' lang='lat' dir='ltr'><strong>vocationem</strong></span> <span class='ocrx_word' id='word_1_202' title='bbox 906 2985 942 3027; x_wconf 91' lang='lat' dir='ltr'><strong>a</strong></span> <span class='ocrx_word' id='word_1_203' title='bbox 995 2965 1276 3028; x_wconf 83' lang='lat' dir='ltr'><strong>militibus</strong></span> <span class='ocrx_word' id='word_1_204' title='bbox 1333 2974 1394 3028; x_wconf 86' lang='lat' dir='ltr'><strong>et</strong></span> <span class='ocrx_word' id='word_1_205' title='bbox 1450 2965 1968 3029; x_wconf 86' lang='lat' dir='ltr'><strong>confirmationem</strong></span> <span class='ocrx_word' id='word_1_206' title='bbox 2028 2985 2063 3027; x_wconf 90' lang='lat' dir='ltr'><strong>a</strong></span> <span class='ocrx_word' id='word_1_207' title='bbox 2124 2971 2338 3028; x_wconf 88' lang='lat' dir='ltr'><strong>senatu</strong></span> <span class='ocrx_word' id='word_1_208' title='bbox 2395 2963 2495 3026; x_wconf 81' lang='lat' dir='ltr'><strong>fa·-</strong></span> 
     </span>
     <span class='ocr_line' id='line_1_24' title="bbox 334 3058 2498 3153; baseline -0.003 -17"><span class='ocrx_word' id='word_1_209' title='bbox 334 3079 527 3153; x_wconf 86' lang='lat' dir='ltr'><strong>ctam,</strong></span> <span class='ocrx_word' id='word_1_210' title='bbox 561 3069 672 3135; x_wconf 90' lang='lat' dir='ltr'><strong>sed</strong></span> <span class='ocrx_word' id='word_1_211' title='bbox 716 3088 752 3133; x_wconf 89' lang='lat' dir='ltr'><strong>e</strong></span> <span class='ocrx_word' id='word_1_212' title='bbox 796 3071 1100 3133; x_wconf 81' lang='lat' dir='ltr'><strong>contrario</strong></span> <span class='ocrx_word' id='word_1_213' title='bbox 1143 3069 1302 3133; x_wconf 74' lang='lat' dir='ltr'><strong>lianc</strong></span> <span class='ocrx_word' id='word_1_214' title='bbox 1337 3058 1688 3152; x_wconf 83' lang='lat' dir='ltr'><strong>posteriori,</strong></span> <span class='ocrx_word' id='word_1_215' title='bbox 1732 3068 1891 3133; x_wconf 88' lang='lat' dir='ltr'><strong>illam</strong></span> <span class='ocrx_word' id='word_1_216' title='bbox 1938 3068 2127 3151; x_wconf 79' lang='lat' dir='ltr'><strong>priori</strong></span> <span class='ocrx_word' id='word_1_217' title='bbox 2172 3069 2498 3132; x_wconf 87' lang='lat' dir='ltr'><strong>attribuunt</strong></span> 
     </span>
     <span class='ocr_line' id='line_1_25' title="bbox 334 3168 2494 3257; baseline -0.003 -15"><span class='ocrx_word' id='word_1_218' title='bbox 334 3197 512 3243; x_wconf 88' lang='lat' dir='ltr'><strong>anno.</strong></span> <span class='ocrx_word' id='word_1_219' title='bbox 599 3174 717 3240; x_wconf 86' lang='lat' dir='ltr'><strong>Sed</strong></span> <span class='ocrx_word' id='word_1_220' title='bbox 761 3175 907 3239; x_wconf 89' lang='lat' dir='ltr'><strong>satis</strong></span> <span class='ocrx_word' id='word_1_221' title='bbox 952 3182 1046 3239; x_wconf 88' lang='lat' dir='ltr'><strong>est</strong></span> <span class='ocrx_word' id='word_1_222' title='bbox 1083 3168 1200 3238; x_wconf 84' lang='lat' dir='ltr'><strong>hac</strong></span> <span class='ocrx_word' id='word_1_223' title='bbox 1257 3178 1313 3237; x_wconf 90' lang='lat' dir='ltr'><strong>in</strong></span> <span class='ocrx_word' id='word_1_224' title='bbox 1359 3194 1430 3238; x_wconf 90' lang='lat' dir='ltr'><strong>re</strong></span> <span class='ocrx_word' id='word_1_225' title='bbox 1475 3192 1814 3257; x_wconf 86' lang='lat' dir='ltr'><strong>provocare</strong></span> <span class='ocrx_word' id='word_1_226' title='bbox 1861 3174 1937 3238; x_wconf 91' lang='lat' dir='ltr'><strong>ad</strong></span> <span class='ocrx_word' id='word_1_227' title='bbox 1973 3170 2346 3257; x_wconf 87' lang='lat' dir='ltr'><strong>Eckhelium,</strong></span> <span class='ocrx_word' id='word_1_228' title='bbox 2393 3176 2494 3255; x_wconf 85' lang='lat' dir='ltr'><strong>qui</strong></span> 
     </span>
     <span class='ocr_line' id='line_1_26' title="bbox 332 3278 2493 3362; baseline -0.004 -14"><span class='ocrx_word' id='word_1_229' title='bbox 332 3287 395 3349; x_wconf 88' lang='lat' dir='ltr'><strong>in</strong></span> <span class='ocrx_word' id='word_1_230' title='bbox 442 3282 864 3355; x_wconf 86' lang='lat' dir='ltr'><strong>dissertatione</strong></span> <span class='ocrx_word' id='word_1_231' title='bbox 911 3280 989 3343; x_wconf 86' lang='lat' dir='ltr'><strong>de</strong></span> <span class='ocrx_word' id='word_1_232' title='bbox 1032 3278 1336 3344; x_wconf 87' lang='lat' dir='ltr'><strong>tribunitia</strong></span> <span class='ocrx_word' id='word_1_233' title='bbox 1378 3287 1675 3362; x_wconf 83' lang='lat' dir='ltr'><strong>potestate</strong></span> <span class='ocrx_word' id='word_1_234' title='bbox 1721 3280 2066 3361; x_wconf 90' lang='lat' dir='ltr'><strong>opinionem</strong></span> <span class='ocrx_word' id='word_1_235' title='bbox 2111 3281 2289 3361; x_wconf 88' lang='lat' dir='ltr'><strong>illam,</strong></span> <span class='ocrx_word' id='word_1_236' title='bbox 2335 3296 2493 3361; x_wconf 88' lang='lat' dir='ltr'><strong>quae</strong></span> 
     </span>
     <span class='ocr_line' id='line_1_27' title="bbox 333 3385 2492 3470; baseline -0.004 -15"><span class='ocrx_word' id='word_1_237' title='bbox 333 3391 535 3455; x_wconf 87' lang='lat' dir='ltr'><strong>nititur</strong></span> <span class='ocrx_word' id='word_1_238' title='bbox 579 3388 639 3451; x_wconf 91' lang='lat' dir='ltr'><strong>in</strong></span> <span class='ocrx_word' id='word_1_239' title='bbox 687 3405 931 3469; x_wconf 90' lang='lat' dir='ltr'><strong>errore,</strong></span> <span class='ocrx_word' id='word_1_240' title='bbox 994 3404 1174 3470; x_wconf 87' lang='lat' dir='ltr'><strong>quem</strong></span> <span class='ocrx_word' id='word_1_241' title='bbox 1210 3389 1338 3469; x_wconf 78' lang='lat' dir='ltr'><strong>Jam</strong></span> <span class='ocrx_word' id='word_1_242' title='bbox 1384 3405 1571 3469; x_wconf 88' lang='lat' dir='ltr'><strong>supra</strong></span> <span class='ocrx_word' id='word_1_243' title='bbox 1616 3386 1921 3469; x_wconf 79' lang='lat' dir='ltr'><strong>attigimus</strong></span> <span class='ocrx_word' id='word_1_244' title='bbox 1944 3435 1962 3469; x_wconf 91' lang='lat'><strong>,</strong></span> <span class='ocrx_word' id='word_1_245' title='bbox 2027 3404 2146 3469; x_wconf 86' lang='lat' dir='ltr'><strong>quo</strong></span> <span class='ocrx_word' id='word_1_246' title='bbox 2195 3385 2350 3450; x_wconf 88' lang='lat' dir='ltr'><strong>ducti</strong></span> <span class='ocrx_word' id='word_1_247' title='bbox 2395 3404 2492 3448; x_wconf 86' lang='lat' dir='ltr'><strong>vv.</strong></span> 
     </span>
     <span class='ocr_line' id='line_1_28' title="bbox 333 3490 2494 3575; baseline -0.003 -16"><span class='ocrx_word' id='word_1_248' title='bbox 333 3496 429 3559; x_wconf 91' lang='lat' dir='ltr'><strong>dd.</strong></span> <span class='ocrx_word' id='word_1_249' title='bbox 471 3494 567 3557; x_wconf 85' lang='lat' dir='ltr'><strong>Tr.</strong></span> <span class='ocrx_word' id='word_1_250' title='bbox 612 3493 671 3557; x_wconf 86' lang='lat' dir='ltr'><strong>P.</strong></span> <span class='ocrx_word' id='word_1_251' title='bbox 717 3510 840 3557; x_wconf 85' lang='lat' dir='ltr'><strong>nou</strong></span> <span class='ocrx_word' id='word_1_252' title='bbox 880 3511 915 3560; x_wconf 89' lang='lat' dir='ltr'><strong>a</strong></span> <span class='ocrx_word' id='word_1_253' title='bbox 949 3493 1077 3557; x_wconf 86' lang='lat' dir='ltr'><strong>Kal.</strong></span> <span class='ocrx_word' id='word_1_254' title='bbox 1109 3496 1242 3558; x_wconf 82' lang='lat' dir='ltr'><strong>Jan.</strong></span> <span class='ocrx_word' id='word_1_255' title='bbox 1284 3511 1480 3575; x_wconf 88' lang='lat' dir='ltr'><strong>usque</strong></span> <span class='ocrx_word' id='word_1_256' title='bbox 1525 3493 1604 3557; x_wconf 83' lang='lat' dir='ltr'><strong>ad</strong></span> <span class='ocrx_word' id='word_1_257' title='bbox 1632 3493 1760 3558; x_wconf 81' lang='lat' dir='ltr'><strong>Kal.</strong></span> <span class='ocrx_word' id='word_1_258' title='bbox 1789 3493 1923 3557; x_wconf 86' lang='lat' dir='ltr'><strong>Jan.</strong></span> <span class='ocrx_word' id='word_1_259' title='bbox 1974 3492 2118 3559; x_wconf 87' lang='lat' dir='ltr'><strong>anni</strong></span> <span class='ocrx_word' id='word_1_260' title='bbox 2161 3490 2494 3573; x_wconf 52' lang='lat' dir='ltr'><strong>sequentia</strong></span> 
     </span>
     <span class='ocr_line' id='line_1_29' title="bbox 332 3599 2492 3682; baseline -0.004 -14"><span class='ocrx_word' id='word_1_261' title='bbox 332 3603 443 3668; x_wconf 85' lang='lat' dir='ltr'><strong>sed</strong></span> <span class='ocrx_word' id='word_1_262' title='bbox 485 3623 520 3666; x_wconf 88' lang='grc'>3</span> <span class='ocrx_word' id='word_1_263' title='bbox 567 3602 667 3664; x_wconf 84' lang='lat' dir='ltr'><strong>die</strong></span> <span class='ocrx_word' id='word_1_264' title='bbox 703 3606 993 3681; x_wconf 74' lang='lat' dir='ltr'><strong>acceptae</strong></span> <span class='ocrx_word' id='word_1_265' title='bbox 1016 3600 1327 3681; x_wconf 79' lang='lat' dir='ltr'><strong>dignitatis</strong></span> <span class='ocrx_word' id='word_1_266' title='bbox 1358 3617 1558 3682; x_wconf 85' lang='lat' dir='ltr'><strong>usque</strong></span> <span class='ocrx_word' id='word_1_267' title='bbox 1602 3599 1678 3663; x_wconf 75' lang='lat' dir='ltr'><strong>ad</strong></span> <span class='ocrx_word' id='word_1_268' title='bbox 1711 3599 1967 3665; x_wconf 86' lang='lat' dir='ltr'><strong>eandem</strong></span> <span class='ocrx_word' id='word_1_269' title='bbox 2013 3599 2171 3662; x_wconf 84' lang='lat' dir='ltr'><strong>diem</strong></span> <span class='ocrx_word' id='word_1_270' title='bbox 2217 3612 2492 3679; x_wconf 82' lang='lat' dir='ltr'><strong>sequen·-</strong></span> 
     </span>
     <span class='ocr_line' id='line_1_30' title="bbox 330 3698 2491 3795; baseline -0.006 -21"><span class='ocrx_word' id='word_1_271' title='bbox 330 3713 405 3774; x_wconf 89' lang='lat' dir='ltr'><strong>tis</strong></span> <span class='ocrx_word' id='word_1_272' title='bbox 453 3706 595 3772; x_wconf 87' lang='lat' dir='ltr'><strong>anni</strong></span> <span class='ocrx_word' id='word_1_273' title='bbox 639 3707 948 3770; x_wconf 85' lang='lat' dir='ltr'><strong>numerari</strong></span> <span class='ocrx_word' id='word_1_274' title='bbox 1001 3707 1203 3770; x_wconf 84' lang='lat' dir='ltr'><strong>solere</strong></span> <span class='ocrx_word' id='word_1_275' title='bbox 1256 3707 1696 3795; x_wconf 86' lang='lat' dir='ltr'><strong>opinabantur,</strong></span> <span class='ocrx_word' id='word_1_276' title='bbox 1757 3698 2052 3770; x_wconf 87' lang='lat' dir='ltr'><strong>acerrime</strong></span> <span class='ocrx_word' id='word_1_277' title='bbox 2115 3704 2398 3767; x_wconf 80' lang='lat' dir='ltr'><strong>refutavit</strong></span> <span class='ocrx_word' id='word_1_278' title='bbox 2423 3699 2491 3783; x_wconf 60' lang='grc' dir='ltr'><strong>Β).</strong></span> 
     </span>
     <span class='ocr_line' id='line_1_31' title="bbox 334 3807 2491 3895; baseline -0.006 -16"><span class='ocrx_word' id='word_1_279' title='bbox 334 3812 509 3890; x_wconf 88' lang='lat' dir='ltr'><strong>Quod</strong></span> <span class='ocrx_word' id='word_1_280' title='bbox 553 3815 605 3877; x_wconf 84' lang='lat' dir='ltr'><strong>si</strong></span> <span class='ocrx_word' id='word_1_281' title='bbox 648 3808 1018 3895; x_wconf 79' lang='lat' dir='ltr'><strong>conceditur,</strong></span> <span class='ocrx_word' id='word_1_282' title='bbox 1061 3811 1430 3875; x_wconf 86' lang='lat' dir='ltr'><strong>Antoninum</strong></span> <span class='ocrx_word' id='word_1_283' title='bbox 1477 3832 1530 3887; x_wconf 72' lang='lat' dir='ltr'><strong>a,</strong></span> <span class='ocrx_word' id='word_1_284' title='bbox 1583 3810 1701 3873; x_wconf 88' lang='grc'>198</span> <span class='ocrx_word' id='word_1_285' title='bbox 1749 3808 2037 3894; x_wconf 79' lang='lat' dir='ltr'><strong>dignitate</strong></span> <span class='ocrx_word' id='word_1_286' title='bbox 2078 3807 2337 3889; x_wconf 81' lang='lat' dir='ltr'><strong>Augusti</strong></span> <span class='ocrx_word' id='word_1_287' title='bbox 2383 3823 2491 3868; x_wconf 89' lang='lat' dir='ltr'><strong>or-</strong></span> 
     </span>
     <span class='ocr_line' id='line_1_32' title="bbox 334 3908 2489 4002; baseline -0.007 -15"><span class='ocrx_word' id='word_1_288' title='bbox 334 3931 537 3987; x_wconf 86' lang='lat' dir='ltr'><strong>natum</strong></span> <span class='ocrx_word' id='word_1_289' title='bbox 583 3937 742 4002; x_wconf 90' lang='lat' dir='ltr'><strong>esse,</strong></span> <span class='ocrx_word' id='word_1_290' title='bbox 789 3936 911 3983; x_wconf 87' lang='lat' dir='ltr'><strong>non</strong></span> <span class='ocrx_word' id='word_1_291' title='bbox 956 3918 1155 4001; x_wconf 86' lang='lat' dir='ltr'><strong>video,</strong></span> <span class='ocrx_word' id='word_1_292' title='bbox 1198 3937 1380 4001; x_wconf 84' lang='lat' dir='ltr'><strong>quam</strong></span> <span class='ocrx_word' id='word_1_293' title='bbox 1426 3920 1505 3982; x_wconf 87' lang='lat' dir='ltr'><strong>ob</strong></span> <span class='ocrx_word' id='word_1_294' title='bbox 1543 3935 1677 3983; x_wconf 85' lang='lat' dir='ltr'><strong>rem</strong></span> <span class='ocrx_word' id='word_1_295' title='bbox 1725 3937 1759 3985; x_wconf 81' lang='lat' dir='ltr'><strong>a</strong></span> <span class='ocrx_word' id='word_1_296' title='bbox 1792 3916 2108 3999; x_wconf 87' lang='lat' dir='ltr'><strong>Spartiano</strong></span> <span class='ocrx_word' id='word_1_297' title='bbox 2136 3908 2187 3997; x_wconf 77' lang='lat'><strong>⁵)</strong></span> <span class='ocrx_word' id='word_1_298' title='bbox 2239 3911 2489 3987; x_wconf 68' lang='lat' dir='ltr'><strong>dissen-</strong></span> 
     </span>
    </p>
   </div>
   <div class='ocr_carea' id='block_1_2' title="bbox 540 4065 885 4077">
    <p class='ocr_par' dir='ltr' id='par_1_3' title="bbox 540 4065 885 4077">
     <span class='ocr_line' id='line_1_33' title="bbox 540 4065 885 4077; baseline 0 898"><span class='ocrx_word' id='word_1_299' title='bbox 540 4065 885 4077; x_wconf 95' lang='lat' dir='ltr'><strong> </strong></span> 
     </span>
    </p>
   </div>
   <div class='ocr_carea' id='block_1_3' title="bbox 441 4156 2488 4418">
    <p class='ocr_par' dir='ltr' id='par_1_4' title="bbox 441 4156 2488 4418">
     <span class='ocr_line' id='line_1_34' title="bbox 446 4156 1455 4230; baseline -0.008 -12"><span class='ocrx_word' id='word_1_300' title='bbox 446 4164 503 4227; x_wconf 85' lang='lat'><strong>1)</strong></span> <span class='ocrx_word' id='word_1_301' title='bbox 536 4158 607 4215; x_wconf 77' lang='lat' dir='ltr'><strong>cf.</strong></span> <span class='ocrx_word' id='word_1_302' title='bbox 645 4156 819 4216; x_wconf 73' lang='lat' dir='ltr'><strong>Eckb.</strong></span> <span class='ocrx_word' id='word_1_303' title='bbox 863 4158 928 4213; x_wconf 84' lang='lat' dir='ltr'><strong>D.</strong></span> <span class='ocrx_word' id='word_1_304' title='bbox 968 4157 1034 4213; x_wconf 73' lang='lat' dir='ltr'><strong>N.</strong></span> <span class='ocrx_word' id='word_1_305' title='bbox 1073 4157 1196 4213; x_wconf 84' lang='lat' dir='ltr'><strong>vlt.</strong></span> <span class='ocrx_word' id='word_1_306' title='bbox 1234 4175 1290 4230; x_wconf 79' lang='lat' dir='ltr'><strong>p.</strong></span> <span class='ocrx_word' id='word_1_307' title='bbox 1329 4156 1455 4215; x_wconf 77' lang='lat'><strong><em>21¹7.</em></strong></span> 
     </span>
     <span class='ocr_line' id='line_1_35' title="bbox 441 4246 1255 4322; baseline -0.004 -15"><span class='ocrx_word' id='word_1_308' title='bbox 441 4253 499 4322; x_wconf 84' lang='lat'><strong>2)</strong></span> <span class='ocrx_word' id='word_1_309' title='bbox 535 4250 606 4304; x_wconf 78' lang='lat' dir='ltr'><strong>cf.</strong></span> <span class='ocrx_word' id='word_1_310' title='bbox 644 4249 712 4304; x_wconf 88' lang='lat' dir='ltr'><strong>D.</strong></span> <span class='ocrx_word' id='word_1_311' title='bbox 748 4250 810 4303; x_wconf 80' lang='lat' dir='ltr'><strong>N.</strong></span> <span class='ocrx_word' id='word_1_312' title='bbox 851 4246 1001 4304; x_wconf 85' lang='lat' dir='ltr'><strong>Vlll.</strong></span> <span class='ocrx_word' id='word_1_313' title='bbox 1040 4267 1092 4320; x_wconf 86' lang='lat' dir='ltr'><strong>p.</strong></span> <span class='ocrx_word' id='word_1_314' title='bbox 1130 4246 1255 4305; x_wconf 65' lang='lat'><strong>⁴23.</strong></span> 
     </span>
     <span class='ocr_line' id='line_1_36' title="bbox 444 4333 2488 4418; baseline -0.004 -20"><span class='ocrx_word' id='word_1_315' title='bbox 444 4342 500 4414; x_wconf 82' lang='lat'><strong>3)</strong></span> <span class='ocrx_word' id='word_1_316' title='bbox 535 4341 737 4398; x_wconf 79' lang='lat' dir='ltr'><strong>Facere</strong></span> <span class='ocrx_word' id='word_1_317' title='bbox 767 4359 875 4397; x_wconf 89' lang='lat' dir='ltr'><strong>non</strong></span> <span class='ocrx_word' id='word_1_318' title='bbox 914 4358 1155 4418; x_wconf 77' lang='lat' dir='ltr'><strong>possum,</strong></span> <span class='ocrx_word' id='word_1_319' title='bbox 1191 4338 1319 4416; x_wconf 86' lang='lat' dir='ltr'><strong>quin</strong></span> <span class='ocrx_word' id='word_1_320' title='bbox 1359 4337 1446 4392; x_wconf 85' lang='lat' dir='ltr'><strong>bic</strong></span> <span class='ocrx_word' id='word_1_321' title='bbox 1480 4335 1740 4393; x_wconf 83' lang='lat' dir='ltr'><strong>nonnulla</strong></span> <span class='ocrx_word' id='word_1_322' title='bbox 1779 4333 2028 4407; x_wconf 78' lang='lat' dir='ltr'><strong>adjiciam</strong></span> <span class='ocrx_word' id='word_1_323' title='bbox 2065 4334 2134 4391; x_wconf 80' lang='lat' dir='ltr'><strong>de</strong></span> <span class='ocrx_word' id='word_1_324' title='bbox 2169 4333 2488 4390; x_wconf 68' lang='lat' dir='ltr'><strong>auctoritato</strong></span> 
     </span>
    </p>
   </div>
  </div>
 </body>
</html>
