2984 4975
1311 477 1398 539 19

281 647 538 709 stionem
584 646 742 709 inter
785 645 1078 708 mitiorem
1131 653 1191 708 et
1233 645 1586 725 rigidiorem
1633 645 1933 710 ecclesiae
1979 647 2446 733 Carthaginien-

283 752 368 814 sis
429 758 661 833 partem
729 752 1040 831 agitatam,
1104 751 1524 832 quaestionem
1570 751 1758 833 illam,
1806 751 1882 815 de
1942 772 2059 833 qua
2120 754 2442 819 Tertullia-

280 875 397 920 nus
440 858 657 920 librum
705 856 1062 937 conscripsit
1121 857 1237 932 „de
1280 858 1708 939 spectaculis,“
1767 862 1967 920 utrum
2007 858 2235 920 homini
2279 859 2446 923 chri-

278 965 474 1025 stiano
519 963 695 1025 liceat
727 962 892 1025 circo
931 959 1172 1043 adesse,
1216 979 1431 1024 necne.
1522 962 1655 1033 Qua
1683 981 1752 1026 re
1785 963 2280 1027 verisimillimum
2324 982 2445 1028 no-

282 1067 374 1129 bis
419 1068 676 1148 videtur,
724 1067 1188 1130 dissensionem·
1215 1066 1373 1129 inter
1394 1065 1673 1148 optatum
1724 1075 1780 1130 et
1809 1067 2153 1151 Aspasium‚
2200 1068 2277 1133 de
2325 1089 2442 1152 qua

280 1182 414 1238 acta
457 1176 647 1239 verba
699 1174 944 1254 faciunt,
990 1174 1211 1236 nullam
1259 1175 1433 1236 aliam
1478 1173 1668 1237 fuisse
1715 1175 1831 1236 nisi
1870 1193 2002 1237 eam
2049 1174 2239 1255 ipsam
2285 1176 2446 1238 inter

276 1277 670 1345 Montanistas
719 1288 777 1344 et
829 1279 1175 1360 catholicoS‚
1232 1298 1388 1362 quae
1455 1297 1531 1342 eo
1590 1287 1865 1361 tempore
1918 1282 2044 1361 jam
2108 1287 2237 1342 orta
2296 1288 2443 1361 erat,

280 1367 704 1450 seil‘riond'um
750 1373 1187 1466 sejunctionem
1231 1385 1490 1467 partium
1538 1381 1888 1449 adduxerat.
1974 1383 2103 1449 Hoc
2147 1387 2340 1466 posito
2386 1390 2444 1448 et

279 1508 612 1571 concesso,
665 1490 958 1553 docemur
1007 1492 1358 1572 episcopum
1411 1491 1927 1575 Carthaginiensis
1973 1490 2271 1553 ecclesiae
2322 1490 2432 1552 ini«

274 1599 492 1660 micum
522 1596 711 1660 fuisse
736 1595 1267 1676 Montanistarum3
1312 1596 1565 1680 deinde,
1610 1597 1672 1660 id
1716 1597 1877 1680 quod
1924 1598 2127 1682 magni
2157 1598 2441 1659 momenti

273 1717 378 1766 res
423 1702 565 1767 es'se
605 1702 782 1767 nobis
826 1701 1096 1785 videtur,
1159 1722 1317 1785 quae
1359 1711 1562 1767 tamen
1608 1706 1786 1767 etiam
1830 1699 2072 1767 aliunde
2114 1697 2440 1765 confirma-

270 1807 822 1885 tur,·Montanistas
867 1827 1111 1891 semper
1155 1809 1233 1873 de
1270 1809 1768 1874 reconciliatione
1809 1809 2133 1891 cogitasse.

414 1912 753 1977 Postremo
805 1913 1018 1995 paucis
1077 1914 1576 1996 complectamur,
1625 1915 1795 1996 ‘quae
1862 1923 1995 1977 acta
2048 1930 2161 1976 nos
2220 1909 2438 1976 docent

271 2020 347 2082 de
400 2021 561 2083 ‘statu
622 2027 682 2083 et
738 2019 1083 2084 conditione
1122 2019 1620 2085 'Montanistarum
1678 2023 1737 2084 in
1796 2021 2057 2085 ecclesia
2114 2019 2436 2101 Carthagi-⁴

270 2125 485 2190 niensi.
618 2127 751 2198 Quo
807 2133 1081 2208 tempore
1134 2117 1236 2190 ΒΞ.
1288 2125 1586 2209 Perpetua
1643 2134 1702 2191 et
1756 2113 2038 2191 Felicitas
2085 2126 2434 2207 martyrium

271 2220 781 2315 consummarunt,
828 2232 1139 2296 doctrinae
1164 2232 1430 2296 Montani
1475 2253 1836 2315 quamquam
1870 2251 1992 2296 non
2025 2232 2270 2296 omnino
2317 2249 2435 2293 ex-

272 2338 489 2423 cultae,
531 2338 594 2401 in
641 2340 901 2403 ecclesia
928 2337 1420 2421 Carthaginiensi
1448 2341 1847 2425 pervulgatae
1878 2347 2066 2421 erant,
2111 2339 2433 2420 episcopus

269 2444 519 2527 Optatus
561 2443 828 2509 Montani
870 2443 1271 2510 sectatoribus
1312 2445 1588 2510 inimicus
1633 2453 1794 2528 erat,
1841 2446 1941 2527 qui
1986 2444 2225 2526 quidem
2272 2453 2434 2507 non-

267 2551 487 2614 dum'a
536 2554 960 2616 communione
999 2552 1298 2617 ecclesiae
1331 2552 1663 2617 catholicae
1701 2554 1952 2635 sejuncti
1982 2550 2430 2616 reconciliatio-—

264 2674 403 2718 nem
448 2659 646 2738 potius
690 2658 990 2740 perficere
1029 2659 1370 2723 studebant.
2152 2640 2159 2645 ’
2251 2640 2256 2647 ’
