2984 4975
1149 1269 1800 1438 comcnuslo}
1853 1297 1898 1436 J
1989 1301 1996 1310 “

562 1762 803 1848 Restat,
858 1771 925 1828 ut
966 1765 1177 1847 paucis
1221 1764 1429 1827 verbis
1488 1781 1524 1826 e
1573 1762 1975 1844 disputatione
2018 1763 2353 1844 praemissa
2399 1778 2555 1826 con-

391 1871 735 1955 cludamuS,
781 1889 902 1954 quo
947 1878 1223 1952 tempore
1265 1869 1670 1934 Tertullianus
1715 1869 1792 1932 ad
1828 1867 2294 1934 Montanismum
2340 1866 2555 1952 delap-

388 1995 495 2043 sus
539 1980 634 2042 sit.
2233 1969 2240 1974 ’

561 2084 798 2166 Duplici
856 2082 1039 2147 modo
1098 2082 1506 2148 conditionem
1563 2090 1624 2148 et
1675 2088 1893 2150 statum
1935 2081 2430 2154 Montanistarum
2489 2083 2553 2145 in

389 2191 651 2256 ecclesia
698 2189 1187 2272 Carthaginiensi
1231 2190 1685 2272 disquisivimus
1705 2239 1722 2271 ,
1783 2192 2040 2272 primum
2087 2210 2169 2256 ex
2210 2192 2358 2256 actis
2402 2206 2553 2271 pas-

386 2299 581 2362 sionis
628 2295 729 2362 SS.
787 2297 1122 2379 Perpetuae
1183 2304 1244 2360 et
1289 2297 1637 2382 Felicitatis,
1701 2306 1826 2363 tum
1874 2318 1955 2362 ex
2016 2299 2151 2381 ipso
2202 2296 2551 2361 Tertulliani

389 2406 583 2468 nostri
625 2405 879 2486 scriptis.
976 2404 1109 2468 Jam
1165 2423 1317 2469 vero
1377 2410 1831 2487 comparanteS,
1895 2423 2054 2486 quae
2116 2403 2236 2467 huc
2296 2411 2354 2466 et
2411 2403 2552 2468 illuc

388 2513 657 2576 eruimus
671 2562 688 2595 ,
749 2514 972 2594 optime
1031 2532 1104 2576 ea
1153 2514 1311 2577 inter
1373 2531 1444 2576 se
1505 2513 1841 2576 convenire
1885 2511 2183 2576 videmus.
2283 2509 2549 2592 Utraque

386 2621 484 2682 via
531 2618 747 2683 eodem
787 2619 966 2683 ducit.
1078 2619 1213 2692 Quo
1273 2627 1553 2700 tempore
1598 2624 1845 2683 sanctae
1890 2616 2154 2681 feminae
2199 2618 2552 2699 martyrium

388 2732 881 2791 consummarunt
937 2723 1019 2810 (et
1064 2744 1427 2809 quamquam
1490 2744 1712 2791 annum
1772 2726 2042 2808 martyrii
2087 2730 2255 2788 certo
2314 2722 2551 2788 definiri

389 2852 509 2898 non
555 2850 743 2915 posse
805 2829 1101 2916 vidimus,
1161 2839 1363 2896 tamen
1424 2832 1754 2896 verisimile
1808 2833 1986 2896 nobis
2044 2833 2237 2896 visum
2285 2837 2402 2912 est,
2468 2846 2551 2895 εε.

385 2940 642 3004 feminas
674 2958 727 3004 a.
753 2940 876 3000 203
910 2947 1012 3003 aut
1042 2940 1217 3002 annis
1253 2941 1542 3003 continuo
1578 2940 2090 3021 subsequentibus
2121 2955 2335 3020 passas
2372 2937 2552 3023 esse),

387 3064 510 3110 non
556 3047 810 3111 deerant
853 3046 1093 3129 quidem
1138 3046 1202 3109 in
1249 3046 1510 3110 ecclesia
1554 3044 2073 3129 Carthaginiensi,
2139 3046 2243 3128 qui
2286 3043 2551 3109 Montani

384 3161 589 3234 partes
636 3161 1059 3237 sequerentur,
1106 3154 1217 3218 sed
1263 3153 1536 3219 doctrina
1583 3172 1795 3219 eorum
1841 3151 2106 3217 nondum
2150 3152 2388 3235 plenius
2436 3171 2551 3216 ex·-

388 3259 546 3324 culta
591 3267 754 3342 erat,
817 3278 1020 3342 neque
1065 3261 1181 3342 ipsi
1238 3261 1311 3323 ab
1377 3260 1638 3325 ecclesia
1694 3260 1986 3325 catholica
2044 3260 2302 3342 sejuncti
2359 3266 2550 3341 erant,

385 3364 569 3428 immo
612 3365 1003 3430 concordiam
1058 3367 1237 3430 etiam
1295 3373 1440 3429 tunc
1489 3367 1815 3430 restituere
1877 3365 2215 3431 studebant.
2322 3365 2548 3430 Eadem

349 3532 363 3545 ,
388 3471 690 3536 ecclesiae
737 3472 1256 3555 Carthaginiensis
1301 3474 1566 3539 conditio
1625 3493 1661 3539 e
1704 3473 2053 3538 Tertulliani
2109 3474 2267 3538 illius
2309 3480 2552 3554 tempo-

386 3579 472 3640 ris
529 3578 699 3641 libris
760 3581 876 3656 „de
933 3599 1167 3643 corona
1223 3581 1492 3659 militis,“
1559 3581 1675 3660 „de
1724 3580 1880 3663 fuya
1939 3582 2006 3643 in
2060 3578 2542 3663 persecutione,“

392 3686 508 3762 „de
552 3685 981 3749 ecchortatione
1026 3687 1365 3750 castitatis“
1416 3684 1697 3750 concludi
1740 3694 1954 3768 potest.
2041 3687 2327 3751 Doctrina
2366 3687 2550 3751 Mon-

386 3792 512 3854 tani
554 3793 713 3856 inest
754 3794 815 3855 in
854 3793 945 3876 iis,
992 3794 1101 3858 sed
1148 3792 1413 3858 nondum
1457 3792 1781 3857 Montanus
1825 3794 1975 3876 ipse,
2022 3812 2224 3876 neque
2268 3792 2547 3877 prophe-

387 3899 509 3961 tiae
553 3898 912 3963 feminarum
949 3906 1521 3983 commemorantur,
1566 3900 1722 3965 sicut
1763 3901 1943 3964 etiam
1967 3901 2028 3983 in
2069 3901 2217 3965 actis
2238 3897 2547 3966 Passionis
2659 3942 2668 3949 -

390 4003 492 4069 SS.
537 4004 872 4087 Perpetuae
924 4012 985 4071 et
1024 4007 1342 4071 Felicitatis
1386 4006 1747 4070 invenimus.
1854 4004 1949 4068 Ad
2011 4005 2129 4070 hoc
2188 4026 2268 4070 ex
2315 4007 2430 4072 illis
2473 4007 2552 4070 li-

387 4111 514 4174 bris
564 4110 701 4175 luce
741 4112 963 4177 clarius
1009 4113 1235 4196 elucet,
1298 4112 1565 4177 Montani
1612 4119 1946 4177 sectatores
1993 4112 2348 4196 Carthagini
2390 4132 2553 4178 non·

390 4217 531 4280 dum
578 4217 653 4280 ab
698 4220 959 4285 ecclesia
1006 4222 1299 4285 catholica
1357 4221 1664 4302 sejunctos
1706 4221 1926 4300 fuisse3
1979 4221 2202 4286 iisdem
2254 4223 2554 4287 intersunt

389 4323 818 4407 concionibus,
908 4344 1110 4408 neque
1166 4326 1544 4410 inimicitiae„
1587 4346 1621 4390 a
1685 4324 2060 4393 Montanistis
2124 4329 2235 4392 sed
2299 4328 2374 4392 ab
2439 4347 2549 4394 ec-
