2984 4975
539 613 759 677 bellum
803 607 1202 694 imperatores
1255 615 1477 675 munus
1515 607 1939 691 gladiatorium
1965 596 2206 689 darent,
2247 613 2310 670 et
2345 606 2505 670 iiiam
2549 623 2702 689 pro-

535 701 857 782 fectionem
901 699 1283 800 imperatoris
1324 718 1428 799 qui
1482 715 1795 780 celebrant
1854 714 2081 777 nummi
2136 712 2317 777 iidem
2373 727 2513 776 eum
2556 710 2698 794 Imp.

533 823 645 886 lx.
677 830 895 889 vocant
927 822 989 908 ¹).
1099 811 1480 887 Herodianus
1543 839 1659 903 per
1724 835 1997 885 errorem
2065 820 2413 901 spectacula
2481 815 2704 883 eodem

535 938 827 1013 tempore,
875 943 1001 1011 quo
1032 929 1381 993 donativum
1424 917 1586 989 dedit
1629 923 1913 989 militibus
1954 917 2302 1007 imperator,
2345 923 2505 988 edita
2551 935 2699 988 nar-

538 1041 651 1119 rat,
697 1037 1051 1118 Spartianus
1097 1035 1174 1098 de
1224 1032 1512 1098 donativo
1555 1039 1732 1115 tacet,
1771 1027 1894 1094 nisi
1946 1031 2131 1112 forte,
2177 1045 2337 1112 quae
2382 1037 2560 1094 antea
2604 1037 2702 1093 at-

536 1137 780 1206 tulimus
824 1142 1015 1205 verba
1059 1160 1112 1205 c.
1164 1141 1268 1223 12,
1316 1139 1394 1203 de
1441 1139 1732 1203 donativo
1769 1137 2169 1218 intelligenda
2215 1144 2372 1202 sunt.—

707 1245 939 1309 Versus
1001 1245 1182 1308 linem
1246 1243 1521 1327 ejusdcm
1588 1243 1729 1306 anni
1790 1241 1926 1303 197-
1957 1242 2225 1308 Severus
2289 1243 2350 1305 in
2387 1235 2699 1308 Orientem

537 1350 615 1414 ad
658 1342 884 1417 belium'
911 1352 1142 1435 Parthis
1187 1350 1572 1416 inferendum
1614 1350 1932 1433 profectus-
1968 1357 2077 1413 est.
2162 1348 2516 1413 Nocsseltus
2560 1352 2700 1431 qui-

536 1457 675 1522 dem
718 1460 960 1541 expleta
1003 1460 1209 1541 priore
1249 1464 1421 1541 parte
1468 1477 1521 1522 a.
1563 1457 1683 1519 198
1721 1457 2148 1538 imperatorem
2178 1455 2515 1538 profectum
2559 1467 2702 1519 csse

537 1570 702 1645 putat
719 1562 792 1649 ²),
839 1557 949 1628 sed
994 1564 1170 1647 falso,
1213 1579 1352 1628 nam
1398 1579 1680 1628 nummus
1727 1562 2168 1645 profectionem
2210 1564 2341 1644 ejus
2386 1561 2701 1646 exhibens,

536 1676 602 1732 ut
647 1678 822 1735 antea
867 1672 1364 1752 memoravimus,
1425 1669 1570 1752 Imp.
1612 1668 1711 1732 IX.
1758 1687 1897 1733 eum
1956 1661 2158 1732 vocat.
2237 1668 2449 1731 Exstat
2501 1676 2700 1733 autem
2810 1724 2813 1728 .

542 1775 700 1858 apud
724 1774 1079 1840 Eckhelium
1124 1776 1276 1839 alius
1313 1790 1614 1857 nummus,
1658 1777 1719 1838 in
1764 1791 1884 1856 quo
1928 1774 2179 1856 leg-itur:
2223 1774 2288 1837 L.
2314 1774 2507 1839 SFPT.
2535 1774 2697 1840 SEV.

538 1877 746 1944 PERT.
793 1879 972 1945 Aue.
1014 1880 1159 1944 1MP.
1203 1880 1277 1943 x.
1320 1913 1404 1927 --
1448 1881 1508 1944 P.
1532 1880 1608 1943 M.
1632 1879 1747 1942 ΤΒ.
1792 1880 1851 1942 P.
1878 1879 1946 1941 v.
1970 1878 2136 1943 cos,
2159 1863 2235 1943 ἰι
2276 1880 2336 1942 Ρ.
2357 1880 2416 1944 P.
2504 1881 2702 1954 ouum

538 1985 726 2067 igitur
767 1987 886 2067 jam
944 2001 1111 2049 anno
1162 1983 1282 2047 197
1331 1986 1629 2050 decimum
1671 1986 1999 2066 imperator
2058 1985 2450 2049 renunciatus
2505 1987 2582 2049 sit
2641 1977 2702 2049 et

541 2089 730 2153 Roma
786 2089 1096 2172 profectus
1146 2107 1373 2154 nonum
1421 2092 1754 2173 imperator
1795 2090 2007 2172 suerit,
2069 2091 2202 2154 sine
2248 2090 2430 2153 dubio
2476 2110 2528 2153 a.
2578 2091 2698 2153 197

539 2191 853 2277 profectus
896 2203 1039 2259 est.—

708 2297 858 2365 Belli
901 2302 972 2364 in·
1011 2300 1263 2364 Oriente
1308 2320 1343 2363 a
1378 2297 1612 2364 Severo
1659 2302 1819 2381 gesti
1863 2301 2259 2383 chronologia
2290 2299 2564 2365 maximis
2608 2312 2700 2367 est

540 2404 985 2471 difficultatibus
1047 2408 1348 2491 impedita.
1446 2406 1760 2490 Attamen,
1815 2423 2003 2490 quum
2069 2403 2355 2490 magnum
2400 2409 2582 2473 faciat
2625 2405 2699 2473 ad

539 2513 936 2596 complurium
979 2515 1326 2579 Tertulliani
1368 2515 1662 2579 librorum
1710 2521 1969 2579 aetatem
2014 2514 2528 2597 constituendam,
2575 2532 2699 2580 non

536 2632 859 2699 possumus
909 2616 1144 2702 facere,
1190 2621 1334 2700 quin
1380 2621 1722 2683 accuratius
1767 2636 1902 2683 eam
1943 2621 2403 2703 investigemus,
2449 2622 2454 2627 '

703 2712 1160 2790 Proficiscamur
1217 2745 1251 2789 a
1297 2720 1600 2808 Spartiani
1653 2726 1892 2808 verbiS,
1950 2727 2055 2808 qui
2108 2727 2171 2789 in
2225 2727 2345 2789 vita
2391 2726 2608 2790 Severi
2648 2746 2699 2788 c.

475 2886 484 2894 .
541 2826 790 2890 15--17
852 2847 955 2894 res
1013 2830 1370 2894 moriente
1413 2826 1621 2911 gestas
1677 2830 1794 2895 hoc
1851 2831 1982 2894 fere
2027 2830 2208 2894 modo
2264 2830 2482 2895 refert:
2544 2829 2733 2895 Tra-2·

523 2936 691 3017 jecto
736 2938 1011 3000 exercitu
1053 2938 1383 3018 imperator
1426 2938 1486 2999 in
1518 2936 1753 3018 Syriam
1798 2939 1963 3002 venit
2007 2945 2067 3000 et
2091 2936 2341 3001 Parthos
2377 2938 2697 3002 submovit.

533 3040 745 3104 Postea
789 3036 852 3103 in
899 3039 1135 3124 Syriam
1179 3040 1382 3124 rediit,
1439 3049 1505 3105 ut
1536 3048 1629 3105 ‘se
1673 3050 1917 3124 pararet
1959 3049 2020 3104 ot
2062 3044 2282 3107 bellum
2328 3042 2555 3133 Parthis
2600 3046 2701 3106 in-

534 3146 740 3210 ferret.
841 3145 952 3209 Hic
992 3148 1437 3211 Pescennianas
1482 3132 1773 3230 reliquias
1821 3155 2179 3231 persecutus
2213 3148 2543 3229 permultos
2587 3166 2698 3211 ca-

534 3251 656 3332 pite
718 3249 1022 3315 damnavit
1064 3248 1176 3335 'et,
1243 3260 1469 3317 aestate
1512 3254 1632 3336 jam
1700 3260 1979 3334 exeunte,
2037 3248 2339 3339 Parthiam
2379 3252 2697 3332 ingressus

538 3356 986 3438 Ctesiphontem
1049 3360 1238 3443 cepit,
1309 3340 1428 3441 ilua
1499 3360 1651 3423 urbe
1716 3366 1887 3439 capta
1932 3356 2284 3421 Bassianum
2329 3355 2697 3437 Antoninum

534 3450 909 3542 Augustum,
954 3462 1165 3527 Getam
1209 3463 1536 3529 Caesarem
1592 3464 1804 3529 milites
1862 3463 2159 3527 dixerunt.
2266 3462 2438 3547 Inde·
2470 3465 2531 3526 in
2577 3463 2699 3545 Sy-

533 3567 685 3629 riam
730 3567 907 3630 rediit
951 3569 1143 3634 victor
1182 3576 1243 3634 et
1285 3568 1673 3649 Antiochiae,
1734 3568 1870 3633 data
1913 3568 2072 3632 virili
2111 3576 2257 3649 toga
2301 3568 2421 3647 fflio
2466 3570 2696 3651 majori,

535 3690 743 3738 secum
796 3690 935 3738 eum
983 3675 1294 3739 consulem
1356 3675 1725 3755 designavit;
1794 3675 1994 3739 statim
2064 3660 2124 3738 in
2170 3674 2344 3756 Syria
2408 3675 2696 3738 consula-

532 3785 655 3842 tum
700 3781 963 3846 inierunt
990 3782 1259 3847 Severus
1305 3788 1363 3845 et
1407 3780 1767 3845 Antoninus.
1854 3782 1992 3846 Post
2035 3781 2170 3864 hoc,
2207 3781 2353 3845 'dato
2399 3781 2698 3875 stipendio

572 4026 579 4033 “
630 4023 694 4096 ’1)
730 4027 801 4081 ct.
843 4025 1050 4083 Ecktel
1084 4029 1137 4082 l..
1177 4047 1227 4082 c.
1264 4030 1492 4100 patro,
1547 4029 1640 4087 ubi
1669 4044 1951 4089 nummus
2004 3972 2287 4091 exliibemr
2325 3992 2548 4093 candem
2587 4030 2692 4085 ha—

533 4113 666 4169 beus
726 4117 1005 4172 adversam
1044 4117 1105 4172 1..
1145 4118 1293 4191 Sept.
1345 4120 1468 4175 Sev.
1512 4119 1650 4177 Paert.
1698 4119 1838 4190 Δις.
1880 4118 2015 4192 hup.
2057 4121 2232 4181 vml.
2273 4153 2338 4162 -—
2415 4119 2693 4177 PROFE-

535 4201 726 4261 erlo.
760 4205 932 4264 AVG.
970 4207 1293 4280 (Imperator
1331 4211 1588 4283 equus‘d.
1628 4210 1871 4283 hastam).

641 4297 697 4367 2)
735 4296 804 4355 cf.
845 4296 879 4350 l.
921 4316 968 4353 c.
1006 4301 1068 4377 s.
1109 4300 1259 4359 xlx,
1300 4302 1475 4380 p.-73.
1516 4303 1613 4359 cfr.
1647 4301 1893 4379 S.‘XV1.
1933 4316 1985 4377 ρ’.
2024 4304 2110 4364 62.
