2984 4975
780 1389 787 1398 ⁴
860 1391 881 1548 f
984 1517 989 1523 -
1086 1413 1827 1567 Pmmno.

1232 1690 1691 1700 *m

553 1895 751 1969 Quum
780 1875 1169 1976 'Jam-'antea²
1200 1891 1263 1953 in
1306 1873 1561 1957 historia
1606 1890 1676 1965 Q.
1721 1890 1992 1973 Septimii
2033 1871 2338 1959 Florentis
2381 1891 2541 1958 Ter—

378 2019 607 2084 tulliani
648 2001 1063 2100 perquirenda
1109 2009 1370 2098 aliquam
1416 2032 1671 2097 operam
1699 1997 2121 2102 collocassem,
2164 2018 2404 2085 oblatus
2447 1997 2544 2085 est

378 2144 520 2208 mihi
582 2144 1111 2235 praestantissima
1162 2127 1580 2226 Hesselbergii
1623 2142 1726 2206 'de
1785 2141 1944 2207 vita*
1970 2150 2035 2206 et
2089 2144 2330 2226 scriptis
2384 2145 2542 2210 illius

378 2271 725 2365 dissertatio
744 2319 762 2354 ,
792 2233 871 2333 xet
916 2268 1191 2351 quamvis
1236 2260 1570 2333 admiratus
1617 2284 1819 2333 essem
1865 2266 2234 2351 diligentiam
2280 2276 2342 2334 et
2383 2270 2541 2335 sub-

377 2397 650 2462 tilitatem
664 2444 682 2479 ,
734 2380 860 2478 qua
899 2379 977 2459 ad
1020 2379 1203 2459 vitam
1220 2393 1229 2402 '
1249 2393 1601 2458 Tertulliani
1647 2393 2114 2459 describendam
2164 2412 2314 2461 usus
2360 2405 2542 2482 esset,

378 2531 583 2587 tamen
625 2496 851 2606 fugere
894 2540 994 2585 me
1054 2538 1184 2586 non
1225 2528 1506 2604 poterat,
1560 2539 1700 2584 eum
1745 2521 1808 2583 in
1846 2521 2152 2588 nonnullis
2192 2524 2382 2590 rebus
2424 2525 2539 2590 iis·-

382 2668 505 2733 que
549 2648 716 2712 haud
761 2666 912 2714 sane
959 2648 1185 2712 minimi
1227 2649 1524 2713 momenti
1579 2665 1842 2714 errasse.
1948 2647 2082 2711 Jam
2136 2666 2289 2713 vero
2354 2667 2540 2732 quum

379 2792 495 2856 pro
537 2774 857 2840 Licentiati
900 2773 1241 2839 honoribus
1305 2773 1651 2840 obtinendis
1721 2773 2032 2855 specimen
2090 2773 2339 2856 aliquod
2398 2783 2538 2839 stu-

377 2901 615 2965 diorum
661 2899 966 2964 edendum
1010 2898 1154 2962 mihi
1200 2907 1387 2981 esset,
1430 2899 1575 2962 inde
1609 2899 1721 2982 rei,
1768 2917 1928 2981 quae
1971 2890 2215 2963 maximi
2254 2903 2541 2965 momenti

377 3027 440 3088 in
484 3025 890 3106 chronologia
919 3025 1083 3086 vitae
1110 3022 1462 3086 Tertulliani
1508 3030 1620 3105 est,
1665 3024 2010 3087 accuratius
2032 3024 2330 3088 tractandi
2376 3042 2537 3089 con-

379 3150 577 3218 silium
638 3149 790 3231 cepi.
907 3148 1152 3213 Annum
1216 3148 1481 3231 scilicet,
1567 3166 1692 3229 quo
1767 3147 1843 3210 ad
1898 3148 2169 3212 Montani
2227 3149 2538 3217 doctrinas

376 3277 663 3358 delapsus
708 3274 786 3340 sit
825 3273 1230 3339 Tertullianus
1246 3323 1263 3357 ,
1312 3273 1570 3338 definire
1614 3292 1796 3357 qnam
1841 3274 1974 3339 fieri
2017 3284 2231 3357 posset
2274 3294 2537 3343 accura-

374 3404 604 3469 tissime
640 3400 798 3482 apud
839 3400 1102 3463 animum
1138 3417 1342 3465 meum
1385 3400 1704 3480 constitui3
1748 3418 1932 3483 quem
1967 3417 2191 3464 annum
2228 3402 2332 3483 qui
2366 3410 2539 3467 recte
2619 3371 2624 3376 ¹

376 3527 787 3610 constituerit,
849 3526 902 3592 is
955 3527 1285 3591 universae
1329 3525 1780 3610 chronologiae
1822 3527 2265 3614 Tertullianeae
2307 3527 2536 3594 funda-

374 3659 579 3716 menta
619 3650 850 3735 jecisse
892 3646 1194 3732 putandu's
1240 3650 1373 3715 erit.

542 3775 764 3858 Neque
807 3774 1247 3859 ignorabamus
1291 3776 1673 3856 praeclarum
1718 3776 1884 3840 illum
1918 3777 2282 3860 scriptorem
2326 3782 2536 3848 eccle-

375 3902 684 3969 siasticum
740 3901 1046 3984 paullatim
1101 3901 1180 3964 ad
1225 3901 1537 3969 doctrinas
1592 3902 1892 3987 Montani,
1952 3904 2029 3968 ad
2074 3923 2228 3988 quas
2271 3906 2414 3974 inde
2459 3912 2537 3975 ab

372 4031 543 4095 initio
588 4029 947 4113 inclinabat,
1004 4030 1380 4115 accessisse,
1440 4038 1708 4097 attamen
1765 4039 2003 4097 certum
2044 4032 2306 4099 inveniri
2349 4051 2537 4116 posse

371 4155 668 4237 temporis
713 4162 1087 4218 momentum
1130 4173 1498 4239 persuasum
1542 4157 1723 4224 nobis
1768 4167 1934 4240 erat,
1989 4176 2115 4242 quo
2155 4160 2413 4242 primum
2457 4163 2537 4227 de

372 4280 586 4361 spiritu
623 4288 840 4347 sancto
898 4280 1238 4347 doctrinam
1279 4284 1777 4351 montanistarum
1819 4288 2128 4369 propriam
2174 4289 2530 4370 accepisset.

362 4404 502 4471 Hoc
546 4407 839 4489 temporis
879 4417 1252 4474 momentum
1315 4412 1694 4478 constituere
1725 4414 1856 4478 ausi
1890 4431 2119 4500 sumus,
2164 4432 2348 4500 quum
2379 4414 2534 4485 fines

1205 4778 1673 4873 559559
