2984 4975
505 1200 666 1285 ΒΑΕ.
698 1203 798 1283 m.
862 1201 1003 1284 ΒΕ
1012 1199 1246 1301 AN'NQ
1272 1205 1467 1293 Quo
1460 1199 2058 1283 ranrunmANus
2086 1205 2668 1283 consempsssmr

582 1301 902 1462 manum
932 1325 1049 1436 ΒΕ
1098 1315 1749 1495 οΒΕοΝΑΑΕΕξΑξΞ
1783 1314 2135 1464 VERA
2035 1307 2545 1422 Aroma-Eum

677 1735 825 1798 Jam*
867 1751 1019 1798 vero
1055 1726 1392 1817 'postquam
1426 1727 1706 1799 *firmum
1737 1711 2157 1815 ‘disquisitioni
2214 1711 2472 1798 nosti-aes
2520 1735 2674 1798 sub·
2767 1787 2772 1792 ,

508 1842 807 1905 struxisse
846 1826 1130 1904 'ridemur
1172 1835 1647 1923 fundamenta&
1692 1831 1831 1923 ip³sa²
1860 1839 2209 1904 Tertulliani
2246 1827 2472 1922 scriptas
2505 1839 2674 1903 adire

509 1950 573 2010 in
631 1949 831 2011 animo
876 1947 1189 2012 habemus.
1292 1935 1704 2011 O'mnes'fere
1739 1941 1876 2010 viri*
1909 1947 2072 2012 docti
2108 1946 2189 2010 a'd
2236 1964 2493 2027 annum,
2554 1962 2673 2026 quo

510 2055 911 2118 Tertullianus
960 2055 1035 2119 ad
1076 2054 1539 2119 montanismum
1584 2054 1872 2137 delapsus
1914 2056 2026 2136 sit,
2057 2044 2479 2118 'definiendum
2524 2071 2674 2135 pro-

510 2161 654 2223 fecti
697 2169 839 2224 sunt
875 2161 949 2224 ab
993 2180 1070 2226 eo
1117 2179 1306 2243 anno,
1352 2180 1474 2243 quo
1516 2162 1733 2225 librum
1784 2162 1899 2239 „de
1947 2179 2182 2222 corona
2226 2161 2473 2223 militis“
2523 2177 2676 2222 con-

517 2267 859 2347 scripserit3
902 2284 1041 2329 nam
1086 2266 1183 2330 hic
1224 2267 1380 2330 liber
1427 2269 1805 2331 accuratiora
1848 2285 1998 2349 prae
2043 2284 2113 2330 se
2157 2265 2275 2330 fert
2320 2265 2532 2329 aetatis
2573 2263 2678 2326 in-

515 2373 670 2436 dicia
717 2390 896 2454 quam
940 2372 1161 2462 reliqui
1211 2379 1271 2435 et
1315 2373 1450 2436 sine
1498 2372 1681 2436 dubio
1728 2391 1764 2434 a
1807 2371 2176 2435 Tertulliano
2211 2371 2458 2455 jamjam
2500 2370 2679 2434 Mon-

514 2480 640 2542 tani
680 2484 984 2542 sectatore
1027 2478 1289 2561 scriptus
1334 2485 1444 2543 est.
1555 2479 1749 2553 Quam
1795 2479 1871 2543 ob
1917 2498 2047 2543 rem
2094 2485 2154 2542 et
2197 2496 2313 2543 nos
2358 2478 2515 2544 illius
2562 2477 2679 2558 „de

517 2580 785 2648 corona“'
832 2584 971 2648 libri
1017 2591 1272 2648 aetatem
1316 2585 1575 2666 primum
1620 2584 1963 2665 disquirere
2008 2601 2318 2648 conamur.

686 2689 1221 2754 Accuratissimum
1264 2689 1379 2773 ghic
1432 2690 1588 2754 liber
1640 2708 1791 2772 prae
1845 2707 1916 2754 se
1961 2689 2077 2753 fert
2124 2690 2336 2754 aetatis
2379 2682 2680 2753 indicium.

517 2797 738 2860 Narrat
780 2796 1011 2860 scilicet
1052 2796 1453 2861 Tertullianus
1512 2798 1575 2859 in
1629 2798 1797 2859 initio
1851 2796 1929 2860 de
1974 2797 2159 2860 milite
2205 2796 2499 2879 quodam,
2558 2795 2679 2877 qui,

519 2920 701 2984 quum
752 2900 909 2964 facta
958 2902 1328 2966 liberalitate·
1376 2903 2031 2985 praestantissimorum
2086 2904 2516 2985 imperatorum
2571 2920 2685 2965 co-

517 3025 731 3070 ronam
766 3009 943 3090 capiti
979 3010 1293 3091 imponere
1337 3019 1674 3092 recusaret,
1719 3011 1916 3092 capite
1962 3008 2277 3074 damnatus
2312 3017 2421 3073 est.
2512 3008 2685 3080 Quae

513 3130 617 3175 res
663 3131 697 3174 a
735 3111 1089 3177 Christianis
1119 3114 1607 3198 Carthaginiensi
1651 3117 1953 3181 ecclesiae
1999 3115 2315 3196 adscriptis
2365 3116 2426 3176 in
2473 3113 2688 3176 diver-

520 3235 649 3281 sam
694 3225 925 3298 partem
970 3219 1311 3303 dijudicata,
1361 3223 1491 3285 aliis
1536 3204 1781 3284 militem
1824 3220 2226 3300 laudantibuS‚
2269 3218 2401 3281 aliis
2440 3218 2689 3298 vitupe-

516 3322 827 3406 rantibuS,
882 3324 1247 3390 Tertulliano
1297 3329 1682 3392 occasionem
1727 3326 1893 3390 dedit
1946 3326 2083 3388 libri
2142 3323 2300 3388 illius
2357 3324 2684 3388 scribendi.

518 3427 691 3500 Quae
739 3429 1138 3495 Tertullianus
1197 3433 1414 3517 refert,
1479 3434 1680 3514 paullo
1737 3439 2060 3513 antequam
2113 3431 2329 3493 librum
2388 3431 2689 3494 scriberet

519 3531 677 3597 facta
721 3553 882 3616 esse,
929 3556 1008 3599 ex
1052 3539 1242 3619 ipsius
1288 3541 1549 3603 auctoris
1592 3539 1798 3602 verbis
1844 3539 2061 3619 elucet,
2106 3538 2209 3619 qui
2254 3537 2515 3618 militem,
2562 3555 2687 3617 quo

517 3646 794 3721 tempore
858 3643 1162 3708 scribebat
1223 3644 1472 3726 librum,
1561 3644 1622 3706 in
1686 3662 1939 3707 carcere
2010 3641 2269 3721 „Christi
2334 3641 2685 3705 donativum

525 3743 813 3829 (martyrii
856 3749 1158 3832 intelliges
1199 3747 1508 3832 coronam)
1567 3735 1971 3832 exspectare‘s
2026 3748 2167 3812 dicit
2217 3755 2278 3810 et
2323 3753 2447 3811 non
2492 3748 2687 3810 semel

522 3853 729 3916 verbis
780 3860 1017 3930 „nunc“
1066 3863 1126 3919 et
1161 3857 1515 3937 „proxime“
1553 3857 1749 3920 utitur.
1840 3857 2031 3930 Quam
2073 3856 2150 3918 ob
2187 3873 2337 3935 rem,
2371 3872 2490 3935 quo
2526 3871 2691 3918 anno

524 3960 902 4041 conscriptus
958 3961 1034 4024 sit
1089 3960 1244 4024 liber
1303 3961 1380 4025 de
1425 3980 1687 4045 corona,
1746 3981 1826 4026 ex
1884 3969 2165 4043 tempore
2222 3959 2487 4024 donativi
2527 3957 2692 4019 illius
2759 3956 2766 3963 “

524 4072 691 4128 recte
734 4066 1055 4129 constituto
1102 4066 1458 4151 colligimus.

696 4171 788 4234 De
834 4171 1095 4235 donativi
1143 4181 1339 4238 autem
1384 4176 1543 4240 illius
1591 4195 1750 4241 anno
1795 4175 2263 4258 haudquaquam
2310 4172 2699 4237 consentiunt

520 4276 635 4337 viri
682 4276 857 4344 docti.
