2984 4975
1428 423 1527 500 3⁴.)

468 655 479 664 Ι
542 590 791 672 Neque,
826 591 942 673 <qui
985 588 1321 666 seeundum
1356 588 1934 668 urbis-Atrenorum
1982 609 2347 676 aggressum
2392 594 2556 662 indi-

389 703 483 766 cet
511 713 806 780 nummus,
843 697 1067 768 deesse
1097 698 1350 770 videtur,
1439 696 1504 760 ln
1524 696 1734 762 Museo
1762 692 2069 764 Caesareo
2091 698 2553 768 vindobonensi

389 800 689 874 Eekhelio,
706 811 862 876 teste
880 802 1231 888 ¹)·nummus
1254 811 1536 878 servatur
1565 810 1915 885 argenteus,
1938 807 2036 866 cui
2057 805 2409 888 inscriptum
2429 813 2552 872 est:

387 905 749 982 SEVERUS,
804 907 984 976 AVG.
1041 907 1256 972 PART.
1302 907 1491 974 ΜΑΧ.
1548 943 1631 955 -
1689 907 2046 974 PROFECT.
2102 909 2335 976 AVGG.
2394 911 2554 982 FEL.

390 1011 743 1095 (Imperator
786 1033 946 1096 equo
992 1016 1193 1095 citato,
1238 1014 1453 1080 dextra
1494 1012 1769 1093 hastam).
1857 1014 1998 1090 Quo
2034 1033 2280 1082 nummo
2314 1015 2552 1079 Medio-

387 1119 611 1192 bathus
662 1119 1108 1202 expeditionem
1166 1139 1202 1184 a
1252 1119 1485 1186 Severo
1533 1120 1598 1182 in
1643 1120 2011 1194 Britanniam
2059 1130 2402 1204 susceptam
2447 1125 2550 1185 in-

384 1224 575 1288 dicari
620 1220 987 1290 existimavit
1028 1232 1090 1287 et
1133 1243 1439 1292 nummum
1497 1227 1578 1298 ol)
1631 1246 1770 1292 eam
1807 1245 2060 1294 causam
2125 1247 2177 1291 a.
2221 1247 2279 1294 u.
2325 1247 2376 1292 c.
2425 1228 2543 1290 961

381 1327 456 1411 (a.
501 1348 558 1409 p.
604 1328 745 1394 Chr.
790 1329 935 1413 208)
994 1330 1331 1413 adscripsit.
1430 1330 1551 1398 Sed
1608 1351 1684 1396 eo
1739 1339 2013 1414 tempore
2073 1334 2277 1404 titulus
2332 1332 2549 1398 PART.

383 1432 572 1506 MAX.
608 1453 731 1504 non
775 1436 892 1516 jam
937 1437 999 1502 in
1046 1439 1305 1514 mammis
1342 1437 1663 1514 invenitur,
1747 1437 2074 1506 Eckhelius
2118 1446 2444 1521 propterea
2493 1457 2548 1501 a„

386 1541 506 1606 199
541 1540 824 1605 adtribuit
848 1559 1173 1624 nummum,
1203 1542 1314 1606 sed
1346 1560 1472 1605 non
1504 1543 1701 1625 video,
1748 1563 1925 1625 quam
1959 1544 2394 1625 profectionem
2429 1543 2551 1610 Seq-

326 1707 333 1714 ,
381 1648 513 1710 veri
557 1654 616 1713 et
653 1646 944 1714 Antonini
971 1648 1282 1728 intelligat.
1369 1648 1607 1718 Nomen
1639 1648 2058 1713 PARTHICVS
2092 1648 2445 1714 MAXIMVS
2482 1651 2543 1714 in

382 1754 639 1816 nummis
684 1752 898 1823 Severi
941 1769 1064 1816 non
1111 1760 1308 1820 exstat
1349 1754 1469 1820 nisi,
1511 1754 1589 1818 ab
1627 1772 1690 1818 Aa.
1744 1754 1868 1818 198
1914 1762 2179 1822 exeunte
2222 1745 2419 1838 usque
2463 1754 2543 1823 ,ad

377 1860 610 1923 initium
661 1880 713 1923 a.
740 1862 885 1942 201,
928 1878 1067 1923 nam
1113 1868 1247 1941 post
1293 1859 1455 1923 hunc
1500 1879 1722 1924 annum
1768 1859 1971 1922 titulus
2018 1859 2117 1922 ille
2164 1875 2544 1922 evanescens

377 1965 546 2030 titulo
588 1966 749 2030 PIVS
796 1968 1152 2048 suscipitur3
1197 1985 1376 2048 quam
1422 1968 1501 2030 ob
1541 1986 1671 2031 rem
1716 1984 1794 2028 ne
1828 1967 1890 2028 in
1923 1965 2365 2048 profectionem
2404 1966 2545 2046 qui-

379 2073 515 2136 dem
559 2071 972 2154 Augustorum
1016 2074 1080 2134 in
1124 2072 1521 2147 Palaestinam
1568 2079 1626 2135 et
1670 2070 2016 2153 Aegyptum
2067 2091 2117 2135 a.
2145 2061 2278 2133 '202
2324 2089 2543 2135 susce-

376 2187 535 2262 ptam
556 2178 785 2268 referii
811 2186 1028 2261 potest.
1118 2177 1355 2259 Optime
1384 2184 1583 2244 autem
1610 2182 1895 2244 convenit
1922 2195 2202 2254 nummus
2228 2197 2363 2242 cum
2391 2181 2543 2260 pro-³

379 2285 642 2354 factione
684 2288 1113 2367 Augustorum
1171 2284 1247 2350 ed
1308 2286 1550 2360 urbem,
1578 2284 1727 2364 Atra
1787 2284 1988 2352 denuo
2035 2285 2543 2370 oppugnandam3

375 2390 546 2455 hasta
591 2390 751 2454 enlm
768 2439 786 2473 ,
851 2407 1030 2472 quam
1074 2392 1405 2473 imperator
1461 2409 1643 2456 manu
1702 2383 1914 2459 dexti’a
1959 2392 2147 2474 gerit,
2204 2393 2540 2473 profectum
2659 2410 2666 2416 ·

378 2512 535 2561 eum*
572 2514 715 2562 esse
777 2496 852 2561 ad
912 2497 1132 2562 bellum
1190 2497 1531 2579 gerendum
1590 2497 1830 2561 indicat.
1937 2498 2104 2582 Ergo
2154 2497 2254 2562 hic
2296 2516 2541 2581 qnoque

378 2612 657 2668 nummus
695 2602 1372 2687 opinionemnostram‚
1416 2605 1711 2670 Severum
1754 2606 1912 2668 inter
1953 2603 2109 2668 duas
2154 2607 2323 2669 urbis
2354 2602 2542 2669 Atre-

375 2728 591 2777 norum
642 2713 1125 2794 oppugnationes
1169 2712 1230 2773 in
1277 2711 1454 2795 Syria
1500 2710 1751 2795 degisse
1796 2708 2110 2775 confirmat

390 2888 395 2893 ,
544 2816 667 2883 Sub
728 2818 861 2901 ipsa
920 2816 1268 2887 consulatus
1321 2816 1487 2881 initia
1541 2814 1810 2883 Severus
1857 2835 1894 2879 a
1937 2815 2114 2897 Syria
2158 2815 2439 2878 discessit
2481 2822 2540 2877 et

300 2911 307 2918 ’
385 2941 499 3004 ner
540 2923 959 3007 Palaestinam,
1001 2925 1105 2991 ubi
1149 2925 1342 3006 pluria
1374 2924 1521 3006 jura
1570 2918 1843 2995 fundavit
1887 2929 1945 2985 et
1987 2922 2190 3006 legem
2239 2921 2316 2985 de
2362 2919 2541 2985 Chri-

381 3030 592 3093 stianis
618 3033 838 3114 sanxit,
882 3032 945 3094 in
982 3032 1328 3113 Aegyptum
1362 3030 1673 3120 profectus
1706 3036 1816 3111 est,
1859 3027 2021 3096 unde
2046 3027 2298 3096 Romam
2327 3027 2543 3095 trium-

373 3134 566 3214 phans
610 3135 804 3198 rediit.
891 3135 1059 3200 Haec
1102 3142 1451 3200 constanter
1484 3152 1710 3199 omnes
1753 3126 2030 3215 tkadunt,
2086 3133 2149 3199 in
2195 3131 2532 3195 contrarias

381 3246 593 3302 antem·
626 3243 958 3306 sententias
1005 3242 1322 3306 discedunt
1360 3244 1478 3305 viri
1524 3242 1687 3305 docti
1735 3240 1811 3303 de
1859 3254 2021 3302 anno
2036 3287 2052 3321 ‚
2108 3256 2228 3319 quo
2272 3236 2540 3318 Severus

371 3344 564 3409 rediit.
652 3345 773 3410 Aut
817 3348 977 3411 enim
1026 3369 1078 3415 a.
1127 3349 1271 3431 202,
1314 3355 1377 3410 ut
1419 3345 1744 3410 Eckhelius
1790 3343 1994 3426 voluit,
2040 3349 2141 3406 aut
2183 3362 2254 3406 a:
2285 3340 2431 3422 203,
2472 3340 2554 3402 ut'

304 3480 319 3496 ‹
371 3451 749 3521 Tillemontio
777 3448 825 3539 2)
873 3462 933 3518 et
968 3454 1290 3519 Noesselto
1314 3452 1362 3539 ⁵)
1409 3454 1646 3537 placuit,
1691 3450 1950 3514 rediisse
1981 3468 2120 3514 eum
2157 3450 2537 3514 arbitrantur.

373 3555 536 3621 Inter
579 3577 793 3624 omnes
838 3567 1092 3641 constat,
1139 3559 1358 3625 eodem
1404 3576 1588 3643 anno²
1629 3575 1752 3641 quo
1799 3555 2070 3622 Severus
2109 3560 2149 3619 'e
2193 3555 2353 3621 bello
2386 3552 2538 3619 Par-

375 3664 539 3728 tmen
567 3681 861 3730 reversus
885 3666 979 3748 sit,
1014 3663 1576 3748 nuptias-Antonini
1605 3661 1709 3725 filii
1741 3661 1993 3743 majoris
2020 3660 2235 3727 Severi
2253 3665 2327 3724 et
2356 3657 2538 3721 Plau-

369 3769 550 3853 tillae,
594 3769 883 3834 Plautiani
914 3770 1092 3848 filiae,
1138 3771 1478 3835 celebratas
1524 3784 1685 3850 esse,
1717 3766 2061 3848 eodemque
2090 3773 2367 3847 tempore
2396 3771 2542 3827 vota

373 3874 730 3941 decennalia
789 3879 1061 3942 absoluta
1123 3895 1299 3963 esse,
1360 3884 1500 3940 vota
1561 3875 1908 3939 vicennalia
1961 3879 2263 3954 suscepta.
2368 3870 2539 3943 Quae

293 3979 297 3982 ’
374 3983 574 4047 omnia
624 3992 689 4048 ut
732 4003 794 4059 a.‚
817 3984 939 4049 203
988 3985 1309 4068 adscribat,
1355 3984 1769 4049 Tillemontius
1814 4002 1886 4046 ea
1918 4000 1989 4046 re
2035 3986 2331 4060 movetur,
2373 3972 2539 4057 quod

392 4152 415 4171 ἰ
480 4132 535 4205 1)
569 4134 638 4201 ef.
677 4133 862 4190 Doctt-
899 4132 1060 4190 Num.
1106 4133 1233 4191 vu..
1263 4152 1315 4205 p.
1356 4133 1475 4195 178.

482 4227 685 4298 2)·‘vtd.
723 4226 866 4282 Note
906 4225 1088 4281 XXIV
1124 4246 1222 4283 sur
1258 4227 1589 4298 l’empereur
1623 4222 1841 4285 Severe·

480 4317 537 4388 3)
574 4318 680 4375 vid.
717 4318 755 4373 l.
793 4335 837 4372 c.
872 4318 934 4390 S.
976 4317 1126 4375 xw.
1162 4336 1219 4393 p.
1257 4319 1345 4377 64.
1414 4350 1421 4357 ι
