2984 4975
1489 413 1579 485 32

450 583 690 663 student
730 587 851 679 eof
878 581 1067 694 kg&
1113 594 1515 675 contendunt,
1572 609 1791 658 annum
1840 589 1953 660 TR.
1997 599 2056 660 Ρ.
2103 600 2177 664 Χ.
2240 602 2453 667 Severi
2498 622 2617 669 nu·-

449 704 801 769 merandum
848 701 990 768 es‘se
1036 721 1071 767 a
1115 715 1328 767 mense
1373 702 1623 764 ineunte
1667 695 1849 767 Junio
1896 705 2014 788 vel,
2059 714 2124 772 ut
2160 709 2347 790 Pagio
2375 711 2611 793 placuit,

449 812 527 875 ab
550 809 650 876 td.
693 810 1003 894 Aprilibus
1049 827 1102 873 a.
1145 809 1270 869 2⁰2
1314 824 1514 890 usque
1552 807 1628 871 ad
1673 827 1947 875 mensem
1990 812 2238 878 ,lunium
2282 817 2382 879 vel
2419 817 2612 901 'Apri-

443 919 563 982 lem
598 938 650 983 a.
678 919 823 1001 203,
866 919 947 980 ita
984 922 1050 979 ut
1087 915 1314 978 nummi
1350 914 1575 979 laudati
1619 933 1673 979 a.
1710 917 1834 977 203
1878 921 2076 999 potius
2119 921 2401 986 indicent.
2489 925 2610 989 Sed

441 1028 559 1092 hac
613 1027 675 1090 in
728 1043 800 1090 re
851 1039 1256 1107 provocamus
1305 1021 1382 1087 ad
1437 1020 1713 1085 Ecklrelii
1768 1007 2252 1093 dissertationem
2295 1029 2376 1094 de
2424 1039 2609 1113 pote·-

442 1141 594 1198 state
637 1132 960 1214 tribunitia,
1002 1131 1067 1194 in
1111 1147 1231 1212 qua
1278 1132 1536 1212 egregie
1581 1130 2022 1199 demonstravit
2064 1137 2159 1199 vir
2204 1137 2605 1222 doctissimus,

440 1240 652 1305 Severi
696 1242 1052 1320 potestatem
1092 1238 1459 1301 tribunitiam
1504 1236 1631 1301 Kal.
1677 1239 1811 1302 Jan.
1856 1241 2129 1306 iteratam
2175 1259 2335 1309 esse.

611 1346 747 1409 Jam
789 1361 970 1426 vero,
1028 1342 1116 1405 de
1161 1342 1380 1424 quibus
1426 1344 1860 1425 disputavimus
1904 1347 2092 1412 rebus
2138 1351 2328 1430 gestis
2372 1348 2603 1431 Severi,

437 1457 647 1520 earum
693 1457 1083 1532 conspectum
1129 1449 1625 1532 chronologicum
1671 1452 2070 1519 exhibuimus.
2191 1541 2195 1546 ,
2477 1475 2482 1482 ·

399 1632 403 1636 .
472 1575 646 1731 3316&
685 1554 968 1728 Algi-&hul
1085 1655 1285 1738 Appio
1330 1660 1591 1723 Claudio
1635 1662 1949 1724 Laterano
1962 1709 1982 1739 ,
2029 1663 2248 1742 Rufino
2293 1683 2450 1728 coss.
2581 1675 2588 1684 ’

946 1757 951 1761 ’
996 1760 1109 1825 Die
1176 1763 1330 1825 XIX.
1389 1764 1702 1831 Februarii
1766 1768 2038 1832 Severus
2106 1768 2336 1849 proelio
2403 1785 2596 1852 prope

993 1867 1351 1950 Lugdunum
1394 1870 1679 1936 Albinum
1725 1880 1988 1955 superat.
2078 1872 2327 1938 Romam
2372 1894 2593 1954 rerer-

992 1990 1100 2038 sus
1159 1975 1378 2040 multos
1423 1976 1628 2042 Albini
1686 1985 2022 2043 sectatores
2082 1981 2277 2062 capite
2334 1981 2592 2046 damnat.

989 2079 1269 2145 Militibus
1311 2082 1656 2150 donativum
1704 2082 2073 2167 (Liberalitas
2103 2085 2266 2167 Aug.
2307 2086 2431 2171 11.),
2473 2105 2592 2170 po-

990 2186 1133 2266 pulo
1179 2191 1558 2270 congiarium
1603 2190 1705 2256 dat
1745 2196 1808 2253 et
1850 2189 2196 2272 spectacula
2245 2190 2387 2280 edit.
2491 2191 2587 2255 Ad

978 2291 1213 2361 bellum
1256 2294 1487 2362 Parthis
1532 2295 1916 2361 inferendum
1962 2293 2382 2377 proficisciturt

452 2381 585 2441 *⁹5¹
718 2394 843 2457 198
998 2412 1002 2417 ·
1072 2399 1158 2462 Τι’.
1203 2399 1575 2481 Salaminiae,
1625 2404 1692 2465 0.
1742 2403 1919 2466 Gallo
1964 2419 2120 2465 coss.
2257 2430 2267 2441 ·

980 2501 1207 2589 Nisibi,
1282 2529 1460 2591 quam
1532 2509 1849 2574 obsidione
1919 2508 2271 2572 Parthorum
2344 2507 2578 2591 liberat,

982 2609 1181 2676 classe
1228 2622 1535 2681 exstructa
1581 2618 1920 2684 Seleuciam
1968 2624 2028 2680 et
2061 2613 2431 2696 Babylonem
2469 2634 2581 2680 oc-

980 2727 1175 2801 cupat.
1266 2721 1610 2787 Antoninus
1651 2722 1962 2788 Caracalla
1996 2720 2331 2804 AugustuS,
2377 2721 2580 2803 Septi-

977 2824 1133 2887 mius
1189 2823 1338 2891 Geta
1396 2827 1629 2894 Caesar
1686 2848 1721 2893 a
1785 2829 2067 2892 militibus
2126 2827 2575 2912 Ctesiphontem

977 2929 1392 2996 obsidentibus
1448 2941 1765 2998 vocantur.
1864 2932 2247 2999 Auctumnali
2284 2943 2580 3019 tempore

799 3071 807 3078 ·
976 3031 1422 3115 Ctesiphontem
1471 3047 1785 3123 expugnat
1830 3040 2177 3123 imperator.

458 3131 584 3192 952
711 3137 829 3198 199
1055 3136 1120 3199 P.
1153 3138 1438 3205 Cornelio
1481 3143 1793 3209 Annulino
1826 3146 1929 3224 ΙῙ.,
1976 3147 2052 3209 Μ.
2080 3145 2326 3226 Aufidio
2369 3147 2571 3209 Fron-

1132 3250 1286 3335 tone
1331 3246 1487 3312 coss.

973 3342 1362 3433 Ctesiphonte
1405 3354 1637 3438 direpta
1672 3355 1941 3438 discedit,
1987 3354 2259 3418 exercitu
2302 3354 2563 3419 adverso

970 3450 1218 3518 flumine
1263 3456 1429 3542 Tigri
1473 3459 1823 3527 Armeniam
1864 3481 2084 3528 versus
2131 3456 2348 3543 ducto‚-
2377 3480 2560 3543 quum

969 3558 1353 3642 Vologaesus
1399 3574 1615 3648 sponte
1660 3584 1803 3631 sese
1847 3568 2156 3650 subjiciat,
2208 3568 2561 3651 Mesopota-

971 3665 1148 3728 miam
1191 3671 1514 3733 transitet
1563 3671 1716 3734 urbe
1760 3671 2129 3738 Ati-enorum
2175 3673 2397 3738 frustra
2443 3691 2560 3755 op-

964 3780 1234 3852 pugnata
1279 3775 1340 3837 in
1386 3774 1624 3857 Syriam
1669 3777 1842 3842 redit.
2052 3784 2056 3788 ’

448 3869 573 3931 953
701 3874 821 3934 200
1055 3878 1138 3940 Ti.
1163 3879 1421 3943 Claudio
1434 3881 1691 3960 Severe,
1719 3884 1786 3946 0.
1802 3882 2047 3963 Aufidio
2072 3884 2380 3947 Victorino
2397 3900 2562 3946 coss.

900 4044 907 4053 ,
961 3980 1030 4044 In
1085 3982 1258 4065 Syria
1316 3996 1688 4053 commeatus
1748 3996 1808 4053 et
1864 3989 2172 4055 machinas
2231 3997 2558 4071 comparat,

963 4088 1250 4170 reliquias
1310 4092 1759 4181 Pescennianas
1819 4099 2239 4180 persequitur,
2305 4095 2556 4159 Laetum

960 4195 1192 4278 occidit,
1238 4200 1449 4265 Atram
1483 4200 1687 4266 denuo
1717 4203 2073 4287 aggreditur
2100 4202 2210 4268 sed
2235 4200 2556 4269 obsidione

956 4299 1031 4363 ad
1077 4300 1309 4367 irritum
1363 4306 1621 4370 cadente
1664 4306 1837 4371 redit.
