2984 4975
1502 427 1592 495 29

471 590 903 670 Mediobarbus
934 602 978 689 1)
1023 617 1300 667 nummos
1337 602 1600 685 exhibet,
1646 604 1728 664 in·
1752 585 2232 682 quibus’ie‘gitur
2272 601 2388 666 TR.
2415 593 2479 664 Ρ.
2501 600 2631 663 XV.

472 719 531 774 et
589 711 732 775 ΙΜΡ.
780 711 901 774 ΧΠ.
948 717 1007 773 et
1044 710 1203 773 elios
1225 757 1242 790 ,
1295 709 1358 772 in
1405 707 1623 789 quibus
1668 705 2015 769 inscribitur
2057 701 2174 767 TR.
2218 705 2277 767 Ρ.
2322 704 2522 768 XVIII.
2568 711 2627 767 et

469 815 612 881 ΙΜΡ.
657 815 825 898 xm„
871 817 980 881 sed
1025 835 1161 880 cum
1209 816 1341 879 aliis
1387 815 1634 878 omnino
1672 813 1864 893 ignoti
1907 811 2028 875 sint
2069 809 2131 873 hi
2174 813 2359 892 numi,
2402 801 2628 874 vereor

470 940 567 984 ne·
589 925 689 986 vir
724 924 1102 988 doctissimus
1134 924 1195 984 in
1231 936 1446 985 errore
1479 926 1777 983 versetur.
1863 907 2062 980 Certe
2089 916 2292 980 titulus
2334 911 2479 979 mr.
2502 909 2626 978 XII.

470 1042 591 1091 una
641 1047 777 1091 cuin
820 1027 937 1090 TR.
980 1027 1041 1092 P.
1085 1025 1285 1089 XVIII.
1329 1025 1569 1089 demum
1616 1019 1960 1124 legitur²).
2496 1025 2536 1042 ‘·

641 1133 771 1196 Hae
815 1151 884 1195 re
944 1134 1200 1215 egregie
1259 1131 1651 1195 confirmatur
1692 1136 1897 1194 nostra
1953 1051 2369 1211 chronologia.
2455 1123 2627 1210 Nam,

475 1236 529 1300 si
572 1235 804 1303 Severo
848 1237 988 1301 inde
1039 1238 1114 1300 ab
1159 1255 1319 1301 anno
1370 1237 1490 1297 199
1538 1253 1736 1333 usque
1782 1235 1858 1298 ad
1904 1255 1957 1298 a.
2005 1236 2128 1295 210
2189 1235 2390 1300 nullus
2432 1249 2630 1299 novus

472 1343 786 1405 attributus
839 1331 933 1404 est'
983 1342 1213 1424 titulus,
1280 1343 1502 1407 nullam
1558 1344 1692 1405 sine
1747 1341 1930 1404 dubio
1986 1348 2123 1424 post
2173 1337 2355 1405 finem
2403 1341 2629 1404 2198

470 1448 779 1509 victoriam
835 1447 912 1510 de
970 1446 1197 1512 Pa'rtbis
1248 1449 1617 1530 reportavit,
1677 1447 1738 1509 id
1793 1448 1956 1529 quod
2000 1451 2223 1531 optime
2270 1448 2526 1529 quadrat
2569 1449 2630 1510 in

467 1565 673 1615 rerum
715 1560 1022 1634 gestarum
1072 1573 1250 1636 quam
1294 1556 1606 1635 posuimus
1652 1554 1895 1635 seriem,
1939 1571 2077 1617 nam
2124 1560 2388 1617 exeunte
2418 1574 2471 1616 a.
2510 1545 2631 1614 '198

470 1657 856 1742 Ctesiphonte
895 1667 1066 1743 capta
1101 1675 1223 1724 non
1267 1661 1520 1742 amplius
1559 1659 1768 1723 hostes
1811 1644 2047 1742 devicit,
2075 1645 2208 1724 'sed
2229 1655 2456 1723 frustra
2492 1666 2635 1724 tan-⁵
2675 1701 2692 1717 .

469 1765 779 1829 tummodo
824 1766 918 1829 bis
964 1768 1179 1831 urbem
1224 1748 2062 1846 AtrenorumToppugrnavit.¹
2575 1787 2582 1794 “
2619 1787 2624 1794 ·

479 1935 577 1942 ᾖ...

470 2026 667 2084 Ursinii
707 2030 763 2083 in
800 2029 929 2084 villa
969 2027 1315 2100 Augustanae
1353 2030 1622 2086 dioecesis
1663 2029 1920 2095 inventis,
1968 2048 2125 2103 quam
2166 2026 2429 2088 Gruterus
2478 2030 2535 2099 (Ι.
2576 2047 2622 2084 c.

464 2140 517 2194 p.
545 2120 758 2177 CLVII.
797 2121 898 2175 sub
940 2120 1032 2176 Nr.
1066 2122 1118 2191 2)
1157 2130 1208 2176 et
1245 2121 1417 2175 Orelli
1462 2123 1519 2191 (l.
1559 2139 1604 2175 c.
1646 2139 1697 2193 p.
1729 2124 1835 2179 215
1875 2121 1968 2176 Nr.
2005 2121 2132 2191 937)
2169 2123 2439 2186 exhibent,
2477 2122 2631 2192 cujus

463 2211 611 2266 haec·
634 2211 795 2285 verba
833 2221 983 2266 suut:
1038 2207 1187 2267 ΙΜΡ.
1236 2209 1545 2266 CAESAR.
1583 2209 1866 2267 LVCIVS.
1909 2207 2356 2280 SEPTIMntVS.
2395 2196 2628 2265 SEVE-

463 2300 625 2360 RVS.
662 2281 843 2359 PIVS.
882 2299 1307 2375 PERTthAx.
1348 2300 1522 2359 AVG.
1560 2299 1948 2358 ARABmvs.
1993 2300 2237 2357 ADIAB.
2263 2285 2626 2369 nPART‘Ht-

344 2392 351 2398 ’
469 2391 624 2449 CVS.
654 2391 1029 2452 MAXIMVS.
1059 2394 1083 2467 ΙΙ
1123 2392 1514 2452 PONTIFEX.
1537 2393 1732 2450 MAX.
1767 2391 1956 2452 TRIB.
1999 2393 2157 2450 POT.
2198 2391 2437 2465 112v1ffl.
2474 2392 2626 2450 me.

465 2480 590 2538 XII.
644 2480 801 2542 COS.
839 2484 905 2541 11.
945 2485 1002 2541 P.
1039 2485 1101 2543 P.
1138 2484 1164 2560 ΙΙ
1209 2485 1516 2543 PROCOS.
1560 2485 1674 2545 ET.
1715 2486 1863 2543 ΙΜΡ.
1913 2483 2202 2547 CAESAR
2242 2487 2265 2555 ΙΙ
2305 2482 2628 2549 MARCVS.

456 2573 1234 2649 AVREL.ANTON))INVS.·
1284 2573 2625 2657 PIVS.AVG.TRIB.)1J¹OT.IIII.PROCOS.

460 2662 574 2718 ET.
616 2663 762 2721 [MP.
804 2666 829 2738 ΙΙ
868 2665 926 2721 P.
966 2664 1251 2724 SEPTIM.
1303 2664 1521 2722 GETA.
1567 2663 1833 2720 ANTON.
1876 2662 1900 2736 ΙΙ
1947 2663 2131 2719 VIAS.
2172 2662 2286 2725 ET.
2324 2664 2626 2737 PONTES.

460 2752 796 2830 RESTHAB.
834 2750 1004 2812 AVG.
1041 2756 1120 2813 M.
1162 2758 1218 2813 Ρ.
1258 2756 1517 2813 xxxxl.
1607 2756 1754 2815 Miro
1808 2756 1971 2812 modo
2023 2756 2301 2828 conjungit
2346 2757 2479 2814 haec
2529 2756 2624 2812 in-

463 2843 686 2919 scriptio
723 2845 836 2902 TR.
874 2847 1033 2904 POT.
1065 2847 1244 2906 VIIII.
1290 2866 1411 2904 cum
1452 2844 1602 2904 IMP.
1642 2846 1767 2902 XII.
1837 2846 1943 2902 Pro
1985 2844 2165 2902 fabrili
2205 2849 2401 2903 mendo
2439 2848 2624 2904 habuit
2699 2906 2705 2911 ,

461 2935 740 3003 velserus,
778 2941 866 2993 cui
900 2939 1080 3008 legere
1107 2942 1313 3011 placuit
1343 2938 1488 2996 IMP.
1519 2938 1636 3006 xl„
1673 2940 1767 2994 sed
1807 2941 1954 2994 idem
1991 2954 2250 2993 numerus
2288 2939 2342 2992 iu
2376 2937 2623 3009 pluribus

462 3041 689 3096 prorsus
729 3028 999 3082 similibus
1037 3030 1282 3085 recurrit.
1357 3027 1543 3084 Minus
1573 3030 1737 3085 etiam
1770 3026 1887 3095 TR.
1930 3027 1989 3083 Ρ.
2028 3026 2203 3100 vnn.
2241 3044 2341 3099 per
2378 3028 2621 3083 errorem

460 3120 697 3190 positum
736 3136 854 3175 esse
894 3128 1084 3191 potest,
1127 3108 1292 3192 quum
1332 3130 1479 3177 recte
1512 3138 1638 3175 cum
1672 3118 1786 3174 TR.
1824 3118 1885 3173 P.
1912 3117 2010 3175 III.
2052 3117 2368 3174 Caracallae
2405 3136 2620 3177 conve·-

460 3211 588 3269 niat.
660 3208 769 3266 Sed
808 3211 942 3266 tales
980 3228 1195 3269 errores
1230 3229 1339 3268 non
1387 3213 1555 3268 semel
1594 3212 1957 3273 inveniuntur.
2032 3209 2308 3277 Fortasse,
2350 3219 2419 3276 ut,
2444 3209 2620 3270 Orelli

448 3301 759 3366 existimet,
810 3302 865 3355 in
918 3301 1214 3371 provinciis
1267 3303 1403 3359 adeo
1441 3303 1508 3357 ab
1550 3303 1686 3358 urbe
1725 3302 1943 3358 remotis
1983 3301 2106 3356 talin
2148 3301 2323 3355 minus
2362 3313 2611 3361 accurate

455 3391 781 3446 notabantur
822 3391 906 3446 vel
946 3391 1107 3445 etiam
1147 3390 1457 3448 adulatione
1499 3392 1730 3466 quadum
1771 3390 2262 3464 praecipiebantur.
2617 3384 2626 3395 ²

567 3482 615 3554 1)
654 3483 724 3538 cl'.
762 3481 934 3555 lmpp.
973 3481 1131 3538 Rom.
1170 3481 1431 3538 Numism.
1467 3484 1535 3538 ab
1573 3483 1679 3540 Ad.
1717 3482 1943 3540 Occone
1980 3492 2230 3556 congesta
2273 3483 2361 3542 ed.
2399 3481 2457 3539 F.
2483 3482 2615 3540 Me-

455 3571 770 3630 diobarbus.
813 3573 1041 3632 Mediol.
1086 3573 1236 3631 1730.
1277 3592 1327 3646 p.
1356 3574 1487 3632 278.
1522 3576 1644 3632 279.
2609 3596 2618 3607 ·

559 3665 612 3734 2)
650 3664 775 3720 Vid.
808 3666 955 3738 apud
994 3650 1286 3723 Gruterum
1326 3654 1536 3721 tertiam
1576 3667 1985 3738 inscriptionem
2037 3685 2090 3739 p.
2131 3666 2407 3723 CCLXV.
2460 3663 2610 3721 lun.

457 3752 790 3811 CAESARI.
830 3754 1200 3814 SEPTmlo.
1239 3755 1537 3814 SEVERO
1555 3758 1582 3830 ΙΙ
1599 3757 1736 3814 Plo
1771 3755 2183 3817 PERTINACI.
2218 3755 2390 3813 AVG.
2422 3757 2613 3815 ARA-

456 3845 647 3905 mco.
675 3849 697 3919 Η
736 3848 981 3907 ADIAB.
1021 3849 1412 3907 PARTHICO.
1452 3850 1636 3907 MAX.
1679 3849 1868 3907 BRIT.
1908 3849 2091 3907 MAX.
2126 3849 2151 3922 ΙΙ
2184 3846 2390 3913 ΡΟΝΤ.
2429 3846 2617 3907 ΜΑΧ.

450 3937 565 3994 TR.
618 3937 777 3996 POT.
831 3940 1033 4001 XVIII.
1086 3940 1235 3998 IMP.
1272 3940 1393 3996 XII.
1432 3941 1483 4026 fl
1504 3940 1657 3997 COS.
1698 3940 1797 3997 III.
1852 3939 2013 3997 PRO.
2067 3937 2223 3995 COS.
2260 3938 2318 3993 P.
2356 3937 2412 3992 P.
2450 3936 2547 3992 ET
2585 3937 2609 4009 ss
2700 3971 2706 3975 -

452 4029 601 4086 IMP.
653 4040 754 4088 etc.
807 4042 908 4088 etc.
961 4032 986 4103 ΙΙ
1037 4031 1332 4089 DEVOTI.
1373 4024 1847 4090 NUM1N1.ET.
1904 4026 2327 4088 MAIESTATI.
2379 4027 2544 4084 EOR.
2586 4028 2610 4099 ΙΙ

454 4119 1020 4178 Con.11.v¹G.-
1093 4121 1304 4180 Eodem
1345 4125 1510 4180 modo
1549 4125 1721 4197 prima
1757 4142 1879 4198 pag.
1917 4121 2189 4180 CCLXXI
2227 4123 2508 4194 inscriptio
2545 4121 2608 4174 nd

450 4213 668 4284 januam
708 4214 895 4286 templi
934 4215 987 4270 in
1022 4213 1243 4272 Umbria
1281 4218 1337 4273 in
1376 4217 1496 4272 basi
1531 4226 1737 4275 statuae
1769 4218 1981 4272 invent·
2017 4208 2135 4271 TR.
2175 4209 2443 4269 mxvii!
2485 4224 2609 4267 eum

372 4366 376 4371 ,
447 4302 594 4360 ΙΜΡ.
643 4303 765 4362 ΧΙΙ.
806 4307 1097 4379 conjungit.
1172 4308 1241 4363 cf.
1280 4306 1456 4364 Orelli
1488 4309 1531 4364 Ἰ.
1572 4325 1619 4366 c.
1652 4324 1704 4381 p.
1744 4307 1851 4375 212
1891 4306 1994 4364 Νι.Ι
2020 4305 2145 4365 920.
