2984 4975
1452 423 1548 492 m

416 600 638 669 bellum
661 604 992 687 parandum
1024 591 1379 666 necessaiia
1415 608 1574 684 mot,
1619 602 1680 664 in
1720 608 2000 682 promptu
2030 606 2222 682 eram,
2251 604 2312 660 et
2347 611 2476 678 quo
2505 593 2580 657 ab

415 709 569 777 urbe
606 713 966 773 Ati-enorum
1010 701 1247 770 faeilius
1288 707 1629 769 exercitam
1674 701 1901 768 ducere
1946 706 2152 786 potuit,
2199 717 2380 784 quam
2414 699 2581 764 Nisi-

414 805 555 898 binj
581 815 741 882 unde
784 814 1004 878 bellum
1050 813 1269 894 eoepit.
1355 807 1521 875 Idem
1570 810 1763 875 refert
1805 805 2158 893 Spartianus
2204 825 2257 872 e.
2304 807 2416 890 15,
2460 807 2580 871 Se-

419 937 627 990 verum
671 923 738 984 in
773 921 963 1002 Syrio
1005 925 1481 983 commorantem
1513 917 1592 981 ad
1628 918 1851 981 balium
1895 916 2102 981 denuo
2145 912 2484 996 gerendum
2513 929 2583 974 se

418 1041 689 1110 parasse.
778 1019 950 1099 Quae
996 1031 1202 1088 nostra
1244 1025 1447 1105 opinio
1482 1025 1742 1104 egregie
1773 1021 2180 1102 confirmatur,
2225 1021 2278 1082 si
2310 1017 2584 1081 videmus

416 1133 607 1215 idem,
669 1131 833 1214 quod
884 1131 1223 1212 xiphilinus
1278 1129 1500 1193 sactum
1561 1145 1702 1192 esse
1761 1129 1949 1193 refert
1999 1129 2160 1191 inter
2214 1126 2478 1208 priorem
2524 1131 2586 1187 et

416 1237 747 1302 secundam
783 1237 951 1301 urbis
980 1235 1349 1298 Atrenorum
1382 1236 1915 1317 oppugnationem,
1947 1232 2202 1302 eaedem
2233 1231 2369 1295 dieo
2396 1230 2582 1313 Inest,

418 1365 452 1407 a
496 1343 847 1427 Spartiano‚
901 1357 1023 1421 quo
1065 1347 1342 1422 tempore
1386 1339 1448 1402 in
1496 1338 1673 1422 Syria
1720 1339 1998 1422 degeret·
2022 1340 2382 1421 imperator,
2429 1354 2584 1402 eve·-

420 1449 589 1512 nisse
630 1446 803 1511 tradi.

586 1549 815 1626 Quodsi
860 1552 1232 1635 probabitur,
1279 1552 1576 1617 Severum
1621 1555 1780 1617 inter
1835 1554 2099 1635 priorem
2147 1560 2207 1615 et
2252 1551 2581 1616 seeundum

413 1658 580 1722 urbis
612 1643 980 1722 Atrenorum
1022 1657 1403 1721 obsidionem
1447 1660 1509 1720 in
1543 1657 1718 1740 Syria
1753 1658 1892 1720 belli
1926 1656 2181 1740 parandi
2215 1673 2402 1721 eausa
2433 1657 2582 1721 ver*-

412 1772 607 1829 satum
654 1781 831 1845 esse,
877 1777 978 1826 res
1022 1770 1271 1847 gestae,
1330 1781 1452 1845 quo
1498 1759 1714 1827 ordine
1758 1763 1873 1827 Dio
1920 1782 2026 1828 eas
2071 1759 2342 1841 tradidit,
2403 1761 2580 1829 facile

410 1872 472 1936 iu
516 1871 793 1955 singulos
840 1887 1035 1934 annos
1078 1864 1531 1934 distribuuntur.
1613 1871 1834 1933 &19⁷
1882 1872 1940 1932 in
1987 1867 2208 1934 bellum
2252 1871 2579 1952 profetam,

412 1996 572 2042 anno
635 1984 898 2042 exeunte
957 1971 1190 2038 Nisibin
1246 1976 1412 2039 venit
1464 1976 1676 2057 ibique
1733 1969 1957 2039 bellum
2012 1977 2278 2059 paravit3
2355 1994 2409 2039 a.
2458 1975 2577 2038 198

411 2083 747 2148 Seleuciam
791 2092 851 2146 et
895 2079 1265 2165 Babylonem
1312 2084 1634 2164 occupavit
1676 2087 1736 2147 et
1779 2079 2043 2147 exeunle
2081 2087 2401 2147 auei‘umno
2431 2079 2579 2147 Cte-

412 2188 690 2270 siphonte
724 2196 1071 2273 expugnata
1114 2190 1449 2253 exercitum
1492 2190 1830 2253 seeundum
1866 2189 2114 2253 fluvium
2150 2187 2355 2271 Tigrin
2395 2189 2578 2254 duxlt.

411 2295 626 2360 Postea
669 2304 1094 2379 transgressus
1139 2295 1636 2377 Mesopotamiam
1677 2295 1827 2362 Atra
1875 2297 2132 2378 primum
2190 2296 2411 2359 frustra
2459 2296 2579 2362 ob·-

410 2400 563 2465 sidet
609 2409 670 2464 et
714 2418 872 2466 anno
916 2408 1181 2465 exeunte
1226 2404 1286 2464 in
1334 2401 1573 2483 Syriam
1620 2401 1796 2482 redit,
1841 2401 1965 2483 ubi,
2010 2401 2256 2465 hiemali
2299 2409 2573 2483 tempere

413 2516 750 2571 commeatu
796 2515 855 2570 et
898 2506 1191 2572 machinis
1238 2512 1633 2591 comparatis,
1680 2528 1732 2571 a.
1763 2510 1883 2569 200
1933 2507 2137 2572 denuo
2178 2506 2399 2572 frustra
2427 2508 2573 2572 Atra

414 2629 748 2694 aggressus
805 2630 1021 2676 versus
1083 2613 1266 2677 finem
1326 2617 1468 2679 anni
1523 2617 1583 2678 in
1638 2614 1874 2698 Syriam
1924 2615 2169 2679 rediens
2224 2636 2277 2680 a.
2324 2614 2439 2677 201
2487 2616 2574 2679 ibi

414 2736 556 2787 sese
602 2738 736 2782 cum
781 2718 902 2783 filio
946 2722 1177 2803 majore
1217 2722 1531 2787 consulem
1578 2721 1938 2804 designavit.

584 2826 756 2900 Quae
797 2825 1197 2910 chronologia
1239 2848 1275 2891 a
1319 2829 1498 2895 nobis
1541 2829 1862 2894 constituta
1899 2831 2154 2912 egregie
2190 2828 2576 2893 confirmatur

415 2930 597 2995 titulis
641 2930 875 2995 Severi.
960 2932 1156 3004 Quum
1198 2932 1387 2997 Roma
1433 2936 1494 2996 in
1541 2935 1763 2999 bellum
1810 2935 2110 2999 adversus
2138 2934 2388 3003 Parthos
2421 2953 2574 3017 pro-

415 3033 807 3115 ficisceretur,
852 3033 1121 3099 Severus
1146 3036 1479 3119 Imperator
1504 3037 1603 3101 IX.
1639 3039 1765 3120 suit,
1811 3039 1920 3102 sed
1965 3038 2239 3121 ejusdem
2283 3041 2423 3102 anni
2447 3041 2574 3122 jam

414 3156 599 3219 supra
642 3158 698 3220 p.
728 3138 800 3198 21
854 3139 1233 3203 laudavimus
1277 3156 1574 3223 nummm,
1618 3140 1680 3204 in
1725 3143 1943 3224 quibus
1987 3143 2319 3226 Imperator
2347 3142 2420 3208 X.
2457 3162 2574 3209 vo·—

414 3248 613 3326 catur'‚
661 3263 779 3326 qua
824 3261 893 3307 re
941 3246 1233 3327 probatur
1266 3249 1393 3329 jam
1443 3262 1496 3309 a.
1547 3247 1667 3308 197
1716 3254 1981 3312 exeunte
2026 3248 2320 3314 Severum
2366 3243 2572 3314 hostes

411 3348 644 3433 proelio
682 3366 1029 3431 superasse.
1116 3351 1521 3434 Respicienda
1574 3372 1714 3419 esse
1759 3354 2229 3443 mibi‘videntur
2273 3377 2364 3441 ea,
2413 3379 2569 3441 quae

412 3474 448 3517 a
493 3455 723 3520 Severo
780 3454 869 3537 adp
900 3454 1131 3520 Nisibin
1182 3446 1365 3539 'gesta
1410 3457 1793 3544 referuntur,
1857 3480 2039 3543 quam
2083 3463 2297 3525 urbem
2346 3483 2381 3528 a
2422 3465 2571 3528 Par-

407 3562 522 3631 tbis
595 3560 941 3640 Vologaeso
1004 3561 1175 3629 duee
1231 3564 1548 3639 obsessam
1611 3573 1671 3629 et
1737 3567 2178 3649 propemodum
2239 3578 2474 3652 captam
2529 3594 2568 3639 a

408 3670 593 3732 Laeto
660 3666 893 3730 sortiter
951 3668 1263 3734 defensam
1325 3672 1687 3737 obsessione
1745 3674 2024 3739 liberavit
2049 3672 2118 3757 ¹).
2217 3675 2398 3741 Auno
2460 3694 2569 3741 se·-

408 3780 630 3855 quente
671 3773 1003 3855 Imperator
1048 3776 1144 3839 XI.
1190 3777 1405 3842 dieitur
1446 3787 1509 3843 et
1549 3781 1613 3842 in
1655 3783 1918 3845 nummis
1939 3779 1989 3863 ²)
2032 3784 2096 3844 et
2139 3783 2202 3844 iu
2249 3786 2570 3848 marmori-

513 4037 563 4109 1)
596 4040 665 4093 of.
703 4039 809 4094 Dio
849 4038 1000 4095 Cass.
1037 4039 1179 4095 Hist.
1217 4040 1376 4096 Rom.
1414 4042 1453 4095 Ι.
1492 4042 1714 4098 LXXV.
1757 4065 1806 4101 e.
1847 4049 1899 4102 9.

432 4148 439 4155 ·
513 4129 571 4198 2)
606 4130 676 4184 d.
712 4129 885 4185 Eekh.
929 4131 993 4187 1).
1035 4131 1100 4186 N.
1137 4150 1191 4203 p.
1234 4131 1338 4188 176
1375 4140 1430 4188 et
1467 4135 1588 4191 ΓΠ.
1662 4134 1812 4192 Trib.
1852 4135 1970 4194 Pot.
2014 4137 2103 4193 vl.
2145 4140 2438 4211 conjucta
2468 4143 2565 4196 in-

406 4220 615 4274 venitur
650 4230 705 4275 et
741 4240 864 4277 eum
902 4221 1038 4293 Imp.
1081 4221 1150 4279 X.
1185 4221 1266 4295 (L.
1305 4221 1505 4280 SEPT.
1545 4224 1706 4281 SEV.
1749 4225 1957 4286 PERT.
1992 4228 2163 4286 AVG.
2202 4229 2350 4287 ffll’.
2391 4231 2460 4288 X.
2495 4260 2564 4277 --

407 4308 465 4368 Ρ.
505 4309 583 4367 M.
615 4309 728 4368 ΤΒ.
766 4310 827 4368 Ρ.
866 4311 960 4370 Vl.
1005 4310 1163 4371 COS.
1200 4312 1270 4370 ll.
1311 4312 1368 4372 P.
1390 4314 1470 4389 Ρ.)
1516 4325 1569 4372 et
1609 4334 1736 4377 oum
1772 4317 1910 4393 Imp.
1952 4319 2043 4377 xi.
2080 4322 2160 4398 (L.
2198 4322 2398 4386 SEPT.
2434 4322 2564 4383 SE-
