2984 4975
1537 439 1632 508 24

494 622 733 697 tiamus,
781 612 971 695 qui-id
1005 612 1082 676 ad
1107 609 1560 695 Ctesiphontem
1575 609 1807 676 'factum
1853 626 1994 674 esse
2040 617 2336 693 memorat
2371 606 2433 693 ¹).
2524 611 2666 673 Tria

495 725 678 805 igitur
721 721 1018 785 habemus
1044 720 1334 802 temporis
1366 726 1667 784 momenta
1705 726 1873 782 certo
1912 717 2182 781 definita:
2231 716 2463 780 initium
2504 717 2664 800 belli,

499 829 661 912 quod
686 829 793 894 suit
831 844 991 892 anno
1030 835 1293 894 exeunte
1328 828 1469 909 197,
1499 827 2015 907 expugnationem
2041 824 2461 906 CtesiphontiS‚
2507 843 2662 905 quae

503 935 613 1002 fuit
658 941 980 1000 auctumno
1027 952 1079 998 a.
1134 933 1275 1015 198,
1320 932 1503 996 finem
1544 931 1718 1012 belli,
1764 932 1868 1012 qui
1910 930 2020 996 suit
2062 945 2126 997 a.
2166 930 2309 994 201.

496 1233 553 1281 et
590 1223 696 1280 fide
723 1221 866 1279 Aelii
892 1222 1180 1294 Spartiani,
1219 1221 1308 1275 cui
1330 1238 1439 1275 non
1474 1219 1653 1274 solum
1695 1220 1854 1274 vitam
1886 1218 2073 1275 Severi
2115 1227 2167 1274 et
2194 1216 2474 1274 Pescennii
2497 1218 2666 1291 Nigri,

494 1315 758 1372 Antonini
795 1312 1103 1370 Caracallae
1141 1322 1194 1370 et
1230 1310 1418 1381 Getae,
1455 1314 1549 1368 sed
1590 1313 1747 1367 etiam
1786 1329 1907 1367 cum
1933 1310 2221 1366 Dirksenio
2259 1310 2367 1383 (die
2407 1310 2663 1382 Scripto-

495 1425 582 1462 res
621 1405 894 1461 Historiae
929 1404 1205 1478 Augustae
1242 1423 1294 1477 p.
1342 1404 1641 1474 10)·vitam
1682 1401 1862 1458 Clodii
1900 1402 2105 1469 Albini,
2156 1403 2322 1473 vulgo*
2355 1399 2504 1455 Julio
2545 1400 2661 1455 Ca-

499 1497 731 1569 pitolino
769 1496 1114 1568 adscriptam,
1167 1496 1477 1552 tribuimus.
1549 1493 1864 1567 Spartianus
1914 1494 1970 1547 in
2009 1493 2227 1547 illorum
2279 1494 2663 1566 imperatorum

498 1587 603 1642 vita
640 1585 996 1641 describenda
1035 1603 1067 1640 e
1105 1585 1347 1640 fontibus
1398 1583 1611 1650 bausit,
1670 1587 1760 1656 qui
1815 1586 2097 1640 maximam
2156 1585 2352 1639 babent
2406 1584 2564 1640 fidem
2612 1592 2665 1639 et

501 1678 895 1733 auctoritatem.
991 1677 1052 1731 ln
1090 1677 1280 1748 primis
1320 1693 1449 1731 usus
1487 1686 1570 1731 est
1611 1676 1713 1731 vita
1752 1676 1940 1732 Severi
1992 1676 2058 1731 ab
2098 1693 2164 1731 eo
2202 1677 2322 1747 ipso
2359 1676 2665 1746 conscripta

497 1770 590 1846 (cl.
633 1768 750 1824 Vita
788 1767 914 1824 Ser.
951 1786 998 1824 c.
1037 1768 1087 1823 3.
1129 1767 1211 1824 13.
1248 1796 1314 1810 -·
1358 1768 1419 1821 V.
1462 1767 1610 1822 Pesc.
1649 1766 1798 1838 Nigri
1837 1785 1883 1822 c.
1920 1768 1993 1837 4),
2027 1767 2222 1823 deinde
2258 1766 2492 1823 Marium
2530 1766 2664 1823 Ma·-

499 1862 701 1915 ximum
754 1862 848 1934 (cf.
888 1861 1015 1917 Ser.
1063 1844 1112 1915 c.
1151 1861 1236 1932 15)
1291 1870 1341 1916 et
1377 1859 1598 1914 Aelium
1640 1858 1878 1915 Cordum
1933 1860 2023 1932 (cl'.
2067 1860 2191 1914 Lev.
2242 1877 2288 1914 c.
2324 1860 2417 1931 21)
2466 1869 2662 1914 aucto-

500 1969 587 2007 res
627 1950 801 2007 habet.
878 1951 1093 2018 Quibus
1133 1960 1308 2006 tamen
1347 1952 1600 2006 omnibus
1639 1953 1753 2006 sine
1791 1952 1897 2006 ulla
1936 1961 2047 2006 arte
2084 1950 2340 2006 historica
2378 1968 2507 2006 usus
2546 1970 2666 2006 esse

502 2042 732 2097 videtur.
832 2042 991 2109 Quae
1036 2043 1119 2096 illi
1179 2042 1420 2098 referunt
1472 2042 1541 2096 de
1581 2041 1746 2097 rebus
1782 2042 1946 2112 gestis
1982 2043 2368 2113 imperatorum
2407 2043 2461 2095 in
2501 2059 2665 2095 unum

506 2150 842 2205 componere
880 2134 1083 2199 nescit,
1120 2135 1213 2188 sed
1257 2134 1421 2188 modo
1460 2132 1605 2187 hunc
1643 2132 1807 2187 modo
1843 2133 1997 2187 illum
2034 2135 2292 2206 sequitur,
2329 2150 2490 2205 saepe
2524 2151 2666 2188 ean-

502 2223 633 2277 dem·
664 2241 778 2278 rem
818 2223 904 2277 bis
932 2210 1203 2279 referens.
1287 2222 1464 2288 Quam
1518 2223 1590 2278 ob
1643 2240 1755 2278 rem
1807 2239 1946 2295 quae
2003 2224 2057 2277 in
2114 2224 2342 2293 legendo
2381 2222 2666 2295 Spartiano

503 2314 763 2370 servanda
799 2315 867 2369 sit
907 2313 993 2368 lex
1032 2322 1190 2386 atque
1244 2313 1429 2384 regula
1469 2313 1608 2367 haec
1643 2329 1764 2368 esse
1804 2312 2043 2380 videtur,
2096 2323 2155 2368 ut
2204 2332 2448 2384 magnam
2485 2314 2667 2386 Spar-

500 2406 645 2460 tiauo
696 2405 856 2461 fldem
909 2407 965 2459 in
1004 2405 1229 2476 singulis
1268 2405 1433 2461 rebus
1483 2406 1552 2461 ab
1592 2423 1658 2460 eo
1699 2405 1908 2460 traditis
1947 2406 2264 2471 tribuamus,
2311 2407 2574 2460 minorem
2611 2406 2666 2459 in

503 2496 697 2551 ordine
732 2515 912 2553 rerum
951 2507 1239 2567 gestarum,
1271 2515 1430 2568 quem
1459 2497 1553 2551 ill‘e
1578 2497 1812 2552 exbibet.
1883 2497 1944 2551 ln
1983 2498 2207 2567 singulis
2245 2498 2427 2566 rebus,
2466 2500 2668 2568 magnis

502 2590 819 2659 praesertim
855 2588 935 2660 (ut
968 2590 1023 2642 in
1063 2606 1153 2653 re,
1217 2589 1284 2644 de
1323 2606 1426 2662 qua
1468 2591 1661 2660 agitur,
1699 2607 1824 2644 num
1853 2589 2128 2645 Caracalla
2167 2591 2231 2645 ad
2265 2590 2667 2662 Ctesiphontem

505 2697 534 2732 a
576 2679 833 2733 militibus
871 2677 1148 2750 Augustus
1200 2690 1422 2735 vocatus
1473 2682 1563 2752 sit)
1602 2699 1631 2734 a
1670 2679 1958 2754 Spartfiano
2004 2682 2288 2760 dissentire
2340 2692 2674 2746 cunctamur,

500 2771 555 2825 in
593 2770 944 2840 chronologia
980 2771 1098 2842 ejus
1137 2772 1419 2826 maximam
1457 2789 1676 2844 semper
1711 2771 2087 2828 adhibebimus
2124 2774 2448 2828 cautionem.

617 2862 667 2933 1)
711 2864 914 2916 Glinton
942 2879 994 2933 p.
1018 2860 1124 2919 203
1147 2861 1212 2915 ad
1233 2861 1300 2916 A.
1324 2861 1389 2916 D.
1415 2862 1518 2919 198
1541 2881 1569 2917 a
1596 2862 1884 2935 Spar-tiano
1912 2865 2196 2918 discedens
2215 2862 2544 2919 Caracallam
2558 2865 2669 2935 jam

504 2955 721 3008 ineunte
747 2958 793 3007 a.
822 2953 926 3011 198
946 2952 1249 3022 Augustum
1276 2962 1523 3011 vocatum
1546 2970 1666 3010 esse
1686 2955 1977 3011 contendit.
2053 2954 2143 3010 »ln
2170 2955 2305 3011 Cod.
2322 2954 2516 3011 Justin.
2538 2956 2604 3012 be
2625 2958 2671 3011 is

505 3044 832 3116 uuisormcly
853 3042 1159 3099 Antoninus
1182 3043 1323 3115 Aug.
1356 3046 1409 3100 in
1430 3044 1561 3101 Feb.
1586 3046 1777 3103 March
1799 3047 1901 3101 and
1926 3046 2089 3121 Mam
2125 3048 2228 3101 and
2263 3047 2434 3102 thiais
2462 3047 2669 3105 confir-

506 3134 627 3190 med
661 3134 730 3206 by
756 3134 846 3188 the
884 3135 1057 3198 coins,
1099 3134 1273 3191 which
1316 3138 1464 3192 mark
1505 3137 1612 3192 him
1655 3157 1712 3193 as
1748 3136 2025 3208 Augustus
2061 3137 2215 3193 when
2241 3136 2476 3191 Severus
2510 3139 2555 3190 is
2576 3145 2671 3207 yet

504 3227 635 3299 only
667 3225 803 3297 Imp.
829 3225 900 3281 X.
976 3225 1302 3283 Wherelore
1341 3247 1423 3285 we
1458 3247 1580 3302 may
1626 3229 1893 3284 conclude
1924 3228 2034 3283 that
2068 3227 2383 3299 Spartianus
2421 3228 2468 3281 is
2507 3227 2668 3280 inac-

504 3326 702 3374 curate.
777 3314 1050 3371 Caracalla
1112 3335 1219 3373 was
1275 3318 1544 3392 probably
1582 3318 1859 3389 Augustus
1916 3320 1970 3372 in
2022 3318 2110 3372 the
2146 3317 2436 3387 beginning
2473 3317 2536 3371 ol'
2566 3316 2669 3370 this

501 3427 665 3481 year:
717 3426 874 3481 many
913 3408 1125 3463 months
1164 3409 1357 3466 before
1393 3411 1483 3467 the
1521 3421 1743 3482 capture
1782 3411 1846 3465 ol'
1881 3408 2222 3480 ctesiphom«
2295 3408 2405 3464 Sed
2445 3411 2669 3471 nummi,

501 3518 825 3575 quamquam
880 3518 938 3554 re
975 3519 1101 3556 vera
1144 3500 1478 3558 Antoninum
1519 3502 1659 3573 Aug.
1697 3511 1908 3570 vocant,
1947 3518 2114 3572 quum
2152 3499 2388 3556 Severus
2429 3499 2563 3572 lmp.
2602 3498 2669 3553 X.

507 3602 649 3648 esset
682 3592 775 3661 (cf.
801 3591 974 3647 Eckh.
999 3592 1123 3649 Vll.
1151 3594 1296 3665 617),
1332 3596 1466 3651 nihil
1507 3596 1769 3667 probant,
1808 3612 1973 3667 quum
2000 3594 2263 3650 Severum
2301 3604 2426 3666 post
2462 3602 2668 3665 captam

505 3684 720 3738 demum
763 3680 1163 3755 Ctesiphontem
1211 3684 1345 3758 Imp.
1378 3684 1473 3740 xl.
1515 3694 1758 3740 vocatum
1797 3702 1919 3741 esse
1954 3686 2247 3743 verisimile
2286 3686 2369 3750 sit,
2397 3684 2673 3741 Caracalla

509 3784 687 3831 autem
726 3771 893 3831 antea
918 3775 1163 3846 Augusto
1202 3786 1412 3843 creato,
1463 3775 1830 3832 nihilominus·
1856 3778 2175 3835 conveniant
2209 3775 2406 3831 Anton.
2440 3776 2584 3846 Aug.
2623 3786 2677 3831 et

509 3864 745 3923 Severus
787 3865 920 3938 lmp.
960 3865 1030 3922 X.
1124 3867 1285 3934 Quod
1324 3868 1518 3923 deinde
1554 3868 1746 3923 Justin.
1786 3866 1918 3923 Cod.
1951 3869 2062 3939 jam
2100 3869 2318 3922 ineunte
2354 3886 2493 3922 anno
2530 3867 2672 3938 Aug.

504 3956 838 4013 Antoninum
881 3966 1036 4013 vocat
1071 3958 1160 4028 (ll,
1189 3959 1267 4025 12,
1305 3960 1371 4024 4;
1410 3958 1506 4024 IV,
1537 3959 1624 4025 28,
1648 3958 1835 4023 2et3;
1877 3957 2060 4026 1¹‚39‚
2105 3961 2154 4030 1)
2192 3957 2331 4013 haud
2365 3959 2540 4027 magni
2581 3958 2671 4013 fa-

507 4048 756 4103 ciendum
795 4048 1023 4114 videtur,
1062 4067 1226 4122 quum
1276 4050 1417 4105 idem
1456 4050 1593 4105 Just.
1630 4049 1765 4106 Cod.
1791 4048 2124 4105 Caracallam
2156 4051 2264 4121 jam
2305 4069 2353 4105 a.
2397 4051 2498 4107 197
2535 4049 2674 4119 Aug.

505 4139 647 4192 dicat
682 4136 771 4210 (ll,
798 4140 880 4203 12,
917 4141 983 4205 2;
1027 4142 1107 4205 19,
1144 4141 1211 4206 2;
1250 4140 1315 4205 V,
1337 4142 1424 4207 25,
1460 4142 1528 4206 4;
1569 4141 1767 4208 v1,·49,
1796 4144 1818 4198 1
1849 4152 1916 4199 et·
1938 4143 2200 4201 sexcentis
2223 4141 2357 4199 'aliie
2396 4141 2550 4212 locis)
2588 4141 2672 4194 vel

498 4229 610 4298 jam
649 4246 697 4283 a.
741 4226 991 4297 196011,
1035 4232 1117 4299 15,
1162 4230 1224 4297 13
1266 4231 1466 4300 IV,19‚
1497 4234 1560 4299 13
1601 4232 1693 4303 lV,
1713 4233 1801 4300 26,
1842 4236 1864 4291 1
1904 4237 2046 4300 ect.),
2081 4250 2191 4309 quo
2226 4250 2366 4291 anno
2406 4234 2520 4288 sine
2559 4232 2674 4288 du·-

508 4319 603 4381 bio
642 4316 842 4381 Caesar
880 4320 996 4382 fuit.
