2984 4975
1326 428 1411 508 m

308 598 665 666 donativum
706 599 885 666 dedit.
986 601 1079 666 Ac
1124 602 1205 665 de
1244 601 1371 667 boe
1406 601 1651 685 quidem
1695 601 2010 683 congiario
2068 611 2130 667 et
2181 604 2462 674 donativo

307 702 673 770 dissentiunt
713 705 927 772 Aelius
973 705 1331 787 Spartianus
1391 714 1453 770 et
1493 705 1896 776 Herodianus.
2005 707 2350 791 xiphilinus
2405 715 2467 780 in

303 813 516 878 Dionis
577 811 836 892 epitome
897 812 1037 876 nihil
1100 812 1215 876 hac
1294 813 1371 877 de
1429 831 1502 904 re
1561 812 1722 877 dicit.
1858 813 2242 880 Herodianus
2300 818 2464 880 illum

305 918 503 1000 paullo
547 925 682 1000 post
725 917 983 982 reditum
1028 938 1066 983 e
1110 919 1272 984 bello
1329 905 1490 984 civili
1553 938 1692 986 cum
1725 918 1956 996 Albino
2011 928 2188 1006 gesto
2245 924 2470 1004 populo

308 1024 719 1106 congiarium,
765 1025 1049 1094 militibus
1096 1026 1442 1091 donativum
1490 1026 1734 1090 dedisse
1780 1036 1985 1092 narrat
2009 1026 2071 1112 ¹),
2115 1027 2470 1111 Spartianus

308 1135 514 1191 contra
561 1131 937 1210 congiarium
983 1139 1043 1196 et
1086 1133 1435 1214 spectacula
1479 1132 1641 1196 edita
1692 1150 1864 1216 esse,
1912 1152 2097 1216 quum
2139 1135 2468 1216 imperator

310 1234 529 1298 bellum
576 1234 912 1300 Parthicum
972 1244 1219 1318 pararet
1245 1235 1316 1321 2).
1429 1238 1753 1302 Praeterea
1813 1246 2013 1304 autem
2080 1240 2281 1321 paullo
2336 1247 2472 1321 post

307 1342 619 1406 victoriam
667 1340 1032 1424 reportatam
1075 1345 1505 1427 imperatorem
1553 1345 1833 1409 militibus
1875 1352 2103 1412 tantum
2134 1346 2471 1428 stipendio-

307 1465 441 1511 rum
470 1456 755 1529 quantum
801 1466 985 1515 nemo
1010 1453 1351 1533 principum
1388 1451 1636 1525 dedisse
1673 1451 1853 1515 tradit
1883 1450 1950 1536 δ).
2036 1451 2391 1516 Noesseltus
2419 1451 2471 1536 ⁴·)

306 1554 575 1619 incertus
637 1563 759 1638 est,
839 1564 1043 1621 utrum·
1101 1556 1359 1645 eandem
1420 1564 1682 1639 uterque
1739 1558 2084 1639 respexerit
2143 1556 2472 1622 liberalita-

303 1666 461 1741 tem,
519 1679 597 1723 au
642 1661 805 1726 aliud
849 1663 1218 1744 intelligatur
1267 1664 1643 1744 congiarium
1702 1663 1778 1726 ab
1822 1661 2170 1726 Herodiano
2211 1662 2387 1746 ‚aliud
2434 1683 2470 1725 a

307 1765 647 1847 spartiano.
721 1767 1047 1832 Eckhelius
1074 1767 1121 1853 ⁵)
1172 1788 1310 1833 oum
1351 1769 1699 1834 Herodiano
1745 1769 1948 1842 sentit.
2023 1766 2326 1850 'Equidem
2367 1769 2468 1833 di-

306 1871 736 1951 stimguendum
782 1869 925 1935 es‘se
957 1874 1293 1955 putaverim
1340 1875 1516 1948 inter,
1542 1876 1920 1955 congiarium
1966 1891 2106 1937 cum
2147 1880 2472 1955 spectacu-

304 1975 376 2040 lis
435 1976 659 2057 populo
706 1994 1068 2043 concessum
1133 1986 1194 2041 et
1254 1978 1603 2042 donativum
1663 1978 1947 2053 militibus
2008 1978 2229 2044 datum.
2342 1976 2472 2041 Hoc

305 2082 511 2164 priore
554 2090 829 2165 tempore
873 2085 1076 2166 paullo
1137 2092 1274 2167 post
1314 2085 1600 2149 Albinum
1662 2091 2011 2167 superatum
2067 2084 2268 2147 datum
2329 2100 2473 2146 esse

307 2190 531 2251 nummi
576 2188 795 2253 docent
842 2190 917 2253 ab
960 2188 1251 2253 Eckhelio
1294 2188 1609 2270 illustrati,
1658 2191 1760 2270 qui
1805 2189 2101 2254 Severum
2143 2188 2288 2269 Imp.
2324 2186 2469 2251 VIII.

306 2302 528 2358 vocant
562 2291 632 2379 6).
739 2296 855 2369 Qui
911 2302 1120 2360 contra
1167 2297 1515 2378 spectacula
1562 2296 1637 2359 ab
1687 2297 2058 2376 imperatore
2098 2292 2262 2357 edita
2287 2293 2472 2357 -cele-

311 2400 487 2466 brant
535 2404 781 2486 nummi,
826 2402 1055 2470 habent
1093 2401 1239 2485 Imp.
1262 2401 1362 2467 IX.
1386 2402 1459 2487 ⁷),
1508 2421 1624 2484 qua
1673 2419 1745 2465 re
1789 2400 2082 2482 probatur
2126 2398 2469 2482 spectacula

307 2508 649 2588 posteriore
678 2516 952 2591 tempore
995 2501 1154 2574 edita
1188 2527 1349 2591 esse,
1395 2516 1454 2574 et
1498 2509 1618 2572 nisi
1663 2509 1920 2590 egregie
1953 2506 2149 2588 fallor,
2183 2512 2259 2579 ut
2282 2504 2473 2586 Spar-

304 2613 504 2675 tianus
550 2612 763 2696 tradit,
822 2614 1025 2695 paullo
1085 2622 1226 2679 ante
1271 2632 1452 2696 quam
1508 2612 2000 2696 proficisceretur
2040 2610 2356 2692 Augustus
2409 2612 2469 2673 in

307 2718 637 2785 Orientem.
722 2719 875 2784 Nam
922 2736 1054 2787 mos
1100 2728 1249 2804 erat,
1286 2728 1356 2785 ‘ut
1396 2721 1592 2784 Julius
1638 2718 2012 2800 Capitolinus
2066 2719 2127 2781 in
2175 2718 2296 2780 vita
2337 2716 2472 2778 Ma·-

303 2825 450 2891 ximi
498 2834 559 2890 et
589 2825 819 2891 Balbini
859 2845 912 2893 c.
935 2830 993 2890 8.
1047 2827 1245 2893 multis
1290 2827 1498 2891 verbis
1536 2825 1732 2907 docet,
1778 2831 1845 2888 ut
1894 2822 2352 2906 proficiscentes
2397 2820 2473 2885 ad
2526 2899 2534 2906 .

431 3041 482 3114 i)
518 3042 591 3099 ef.
644 3040 928 3097 Herodian
983 3042 1018 3097 Ι.
1055 3058 1103 3097 e.
1158 3042 1193 3097 1.
1233 3039 1330 3096 tu.
1381 3058 1429 3095 c.
1463 3041 1520 3096 8.
1572 3040 1636 3110 S.
1674 3041 1730 3095 7·
1760 3039 1867 3110 (ed.
1920 3038 2147 3094 lrmisch
2198 3037 2268 3092 ΙΙ.
2315 3036 2474 3107 622)=

307 3129 393 3186 »Ὁ
430 3135 489 3186 δὲ
526 3124 620 3187 οὖν
647 3137 913 3203 Σεβῆρος,
962 3136 1033 3192 εἰς
1068 3130 1134 3185 ‘to'
1166 3133 1263 3185 τοῦ
1300 3129 1426 3191 Aede
1462 3135 1665 3194 τέμενος
1698 3128 1964 3195 ἀνελθὸν,
2015 3136 2104 3183 καὶ
2142 3124 2242 3189 τα”ς
2292 3126 2474 3188 λοιπάς

306 3226 513 3282 τελέσας
547 3224 870 3293 ἱερουργίας,
921 3225 1214 3293 ἐπανῆλθεν
1250 3226 1320 3281 εἰς
1359 3216 1430 3273 ta*
1460 3224 1734 3287 βασίλεια·
1790 3225 1879 3273 καὶ
1927 3223 2004 3289 τῷ
2040 3217 2191 3290 δήμῳ
2227 3209 2474 3289 προύθη-

303 3337 385 3368 κεν
423 3318 505 3391 ἐπζ
540 3326 659 3373 ταῖς
693 3320 860 3373 νίκαις
894 3319 1140 3381 μεγίστας
1176 3309 1371 3374 νομάς·
1421 3326 1533 3372 τοῖς
1569 3333 1624 3364 τε
1673 3308 2026 3381 στρατιώταις
2074 3312 2292 3363 ἐπέδωκε
2340 3307 2473 3381 χρή·-

299 3426 446 3467 ματα
484 3408 720 3472 πλεῖστα,
758 3403 892 3457 ἄλλα
931 3426 985 3459 τε
1019 3401 1188 3457 nollo?
1225 3405 1590 3474 συνεχώρησεν,
1627 3402 1665 3455 ἃ
1698 3400 1776 3474 pq*
1810 3401 2064 3473 πρότερον
2098 3395 2283 3468 affixam«

408 3497 463 3569 2)
501 3496 573 3555 cf.
614 3496 735 3552 Vita
771 3495 957 3552 Severi
999 3513 1045 3550 c.
1080 3498 1167 3552 14.
1200 3492 1517 3551 »Profectus
1567 3493 1763 3549 deinde
1818 3492 1884 3547 nd
1923 3491 2128 3547 bellum
2167 3489 2471 3547 Parthicum

305 3598 400 3653 est,
437 3589 581 3644 edito
619 3589 941 3659 gladiatorio
980 3604 1205 3643 munere
1243 3597 1296 3642 et
1332 3587 1612 3657 congiario
1649 3584 1855 3657 populo
1893 3585 2063 3640 datm«
2423 3584 2428 3587 “

412 3678 469 3749 3)
507 3678 577 3736 ef.
615 3679 652 3733 l.
691 3697 737 3734 c.
773 3697 820 3734 c.
851 3678 948 3736 12:
1004 3678 1285 3752 »Denique
1322 3677 1586 3735 militibus
1619 3684 1820 3732 tantum
1857 3673 2252 3746 stipendiorum
2289 3688 2470 3744 quan-

308 3780 421 3827 tum
458 3787 617 3827 namo
658 3771 972 3843 principum
1007 3770 1202 3826 dedit«

410 3862 462 3933 4)
500 3860 536 3916 Ι.
571 3878 617 3915 c.
654 3860 714 3933 S.
754 3859 832 3915 tx
870 3879 924 3933 p.
961 3859 1049 3917 73.

415 3954 471 4021 5)
505 3951 573 4006 D.
609 3950 677 4007 N.
715 3951 837 4006 vll.
876 3970 933 4024 p.
974 3952 1093 4009 175.

414 4041 472 4114 6)
510 4042 581 4100 ef.
619 4042 686 4097 D.
737 4040 802 4096 N.
856 4040 978 4099 vll.
1029 4061 1084 4115 p.
1125 4042 1257 4100 1⁷52
1315 4040 1379 4096 L.
1416 4038 1620 4097 SEPT.
1655 4036 1817 4096 SEV.
1854 4034 2061 4092 PERT.
2101 4032 2273 4090 ΔΥΕ.
2324 4031 2478 4090 ῙΜΡ.

304 4130 455 4191 vm.
496 4164 562 4173 —
641 4128 1142 4189 LfflffltALITAS.
1179 4130 1352 4189 AVG.
1389 4130 1457 4187 11.
1559 4164 1564 4171 ·

418 4225 470 4295 7)
509 4224 582 4280 cf.
620 4223 832 4279 Eckhel
874 4223 911 4278 l.
947 4241 993 4278 e.
1044 4243 1097 4296 p.
1143 4224 1278 4281 ¹762
1330 4222 1393 4277 L.
1429 4221 1630 4278 SEPT.
1679 4219 1837 4276 sEv.
1876 4218 2080 4274 PERT.
2115 4215 2291 4274 A-VG.
2327 4213 2479 4275 lm’.

182 4334 191 4341 ·
304 4313 478 4371 vult.
522 4346 582 4357 -
622 4312 1173 4375 MVNtFtcENTtA.
1207 4310 1375 4372 AVG.
1411 4312 1671 4388 (Elephas
1707 4311 2001 4384 loric-atus).
