2984 4975
568 1341 732 1426 mr.
771 1344 837 1426 n.
926 1349 1029 1428 DE
1075 1350 1491 1430 'remonon
1523 1350 2122 1435 SEVERIANORUM
2162 1293 2732 1470 cunonouoquL

736 1682 933 1756 Quum
964 1682 1082 1751 hoc
1114 1685 1295 1752 modo
1331 1686 1394 1750 in
1434 1686 1789 1754 universum
1824 1683 2316 1766 cognoverimus,
2363 1702 2521 1765 quae
2551 1683 2729 1748 fuerit

565 1786 1056 1857 montanistarum
1089 1794 1153 1856 in
1172 1794 1433 1862 ecclesia
1454 1791 1946 1876 Carthaginiensi
1974 1793 2105 1874 ejus
2135 1791 2423 1875 temporis
2447 1789 2729 1870 conditio,

566 1914 687 1978 quo
732 1896 1132 1971 Tertullianus
1174 1905 1384 1966 noster
1428 1896 1694 1984 Montani
1737 1904 1942 1981 partes
1987 1897 2271 1977 suscepit,
2313 1896 2446 1978 ipsa
2490 1894 2732 1957 Tertul-

561 2002 707 2070 liani
752 2002 1040 2067 adeamus
1086 2004 1326 2086 scripta.
1412 2004 1768 2086 Priusquam
1796 2010 1995 2067 autem
2028 2009 2283 2068 aetatem
2320 2018 2530 2065 eorum
2574 2017 2730 2068 con-

563 2109 876 2173 stituamus
923 2116 982 2172 et
1033 2108 1174 2172 inde
1218 2127 1460 2193 annum,
1522 2127 1642 2192 quo
1688 2109 2092 2173 Tertullianus
2146 2106 2221 2170 ad
2265 2105 2728 2192 Montanismum

565 2213 849 2296 delapsus
895 2216 1000 2298 sit,
1045 2233 1486 2297 cognoscamus
1510 2265 1528 2299 ‚
1584 2233 1737 2298 opus
1780 2223 1873 2281 est
1934 2233 2039 2279 res
2104 2221 2312 2298 gestas
2351 2214 2744 2296 imperatoris

564 2321 831 2403 Septimii
845 2319 1058 2403 Severi
1099 2324 1438 2387 accuratius
1476 2323 1828 2408 perspicere
1863 2330 2323 2404 temporumque
2356 2317 2606 2384 ordines
2630 2320 2731 2384 in-

568 2429 890 2511 vestigare.
974 2428 1072 2493 Ad
1107 2436 1362 2495 aetatem
1392 2428 1684 2495 librorum
1711 2429 2061 2517 ‘Tertulliani
2108 2427 2441 2505 eruendam
2487 2426 2734 2491 maximi

564 2537 851 2599 momenti
880 2543 970 2600 est
992 2535 1389 2618 chronologia
1417 2536 1652 2619 Severi,
1696 2536 1962 2619 ideoque
1987 2536 2343 2603 Nocsseltus
2380 2536 2727 2601 universam

565 2641 1042 2723 disquisitionem
1085 2642 1482 2724 chronologia
1505 2643 1719 2708 Severi
1753 2651 2040 2727 tanquam
2082 2642 2472 2707 fundamento
2508 2643 2728 2723 snper-

562 2746 795 2811 struxit.
885 2746 995 2811 Cui
1037 2754 1238 2813 tamen
1284 2749 1494 2812 nonin
1526 2750 1803 2813 omnibus
1829 2749 2017 2814 rebus
2046 2749 2348 2813 assentire
2386 2764 2728 2829 possumus,

561 2872 678 2919 nec
700 2854 1056 2919 Tillemontii
1081 2874 1198 2921 nec
1227 2855 1506 2921 Clintonii
1528 2854 1575 2940 1)
1601 2863 1883 2921 accurata
1904 2854 2021 2921 hac
2047 2854 2126 2919 de
2154 2873 2227 2919 re
2252 2853 2574 2936 disputatio
2594 2851 2728 2915 suf-

561 2958 749 3025 licere
773 2962 949 3026 nobis
972 2962 1225 3028 videtur.
1311 2961 1522 3045 Itaque
1548 2962 1988 3027 accuratiorem
2028 2960 2143 3024 hac
2174 2959 2252 3024 de
2279 2977 2349 3024 re
2372 2958 2727 3041 praemitta-

556 3082 689 3130 mus
735 3066 1232 3148 disquisitionem.
1324 3067 1805 3150 Haudquaquam
1833 3075 2033 3132 autem
2090 3068 2443 3132 universum
2488 3064 2726 3145 imperii

556 3172 812 3253 spatium
859 3173 959 3236 hic
1002 3173 1529 3255 contemplandum
1582 3183 1695 3256 est,
1738 3174 1851 3238 sed
1895 3175 2089 3237 solum
2135 3171 2425 3253 temporis
2470 3169 2752 3249 spatium·

556 3275 700 3340 inde
733 3295 768 3340 a
813 3276 1063 3341 victoria
1110 3277 1188 3341 de
1216 3276 1436 3341 Albino
1483 3286 1789 3359 reportata
1817 3296 2015 3361 usque
2062 3277 2139 3340 ad
2183 3275 2443 3341 reditum
2488 3293 2525 3337 e
2563 3272 2725 3337 hello

557 3380 619 3442 in
665 3380 914 3444 Oriente
959 3400 1098 3445 cum
1143 3380 1375 3445 Parthis
1421 3390 1616 3466 gesto.
1702 3382 1913 3466 Itaque
1945 3383 2007 3446 in
2055 3383 2243 3447 rebus
2290 3381 2407 3444 hoc
2450 3387 2727 3462 tempore

556 3488 747 3568 gestis
792 3486 1202 3570 disquirendis
1248 3506 1364 3553 nos
1409 3490 1847 3555 contineamus.

730 3591 1022 3658 Severum
1071 3591 1414 3677 Augustum
1475 3613 1531 3658 a.
1597 3594 1718 3655 197
1760 3594 1860 3660 XI.
1908 3594 2034 3659 Kal.
2079 3594 2249 3658 Mart.
2295 3593 2609 3657 victoriam
2651 3591 2727 3655 de

554 3696 777 3762 Albino
819 3699 880 3760 in
927 3696 1118 3762 Gallia
1160 3707 1513 3781 reportasse
1557 3701 1717 3765 inter
1775 3717 1991 3767 omnes
2036 3706 2290 3764 constat.
2392 3697 2487 3761 Ad
2532 3698 2729 3761 victo-

560 3800 712 3866 riam
758 3801 1182 3868 celebrandam
1228 3807 1453 3888 populo
1498 3807 1846 3890 spectacula
1894 3814 1954 3870 et
1999 3806 2396 3889 congiarium,
2442 3803 2725 3867 militibus

663 4044 713 4110 1)
757 4042 1040 4098 metuont.-
1097 4041 1341 4099 Histoire
1394 4045 1491 4100 des
1530 4062 1863 4116 empereurs.
1937 4041 1990 4096 A
2026 4041 2180 4096 Paris
2231 4039 2386 4097 ¹702.
2423 4037 2582 4093 Tom.
2630 4032 2727 4099 ΙΙΙ,

565 4142 616 4204 p.
661 4136 681 4189 ¹
724 4151 834 4204 sq.;
871 4134 1099 4189 deinde:
1161 4132 1325 4191 Notes
1366 4152 1460 4190 sur
1498 4135 1824 4207 l’empereur
1860 4133 2065 4190 Severe
2102 4150 2154 4204 p.
2192 4132 2298 4187 447
2336 4148 2415 4202 sq.
2440 4159 2507 4170 --
2551 4129 2724 4195 Henry

561 4225 729 4293 Fynes
767 4227 969 4278 Clinton
1001 4224 1152 4295 Ειφε
1194 4224 1335 4280 Fasti
1358 4223 1608 4281 Romani.
1678 4225 1797 4281 The
1834 4225 1959 4279 civil
2005 4224 2109 4278 and
2149 4224 2366 4291 literar-y
2392 4214 2748 4285 chronology⁰

561 4314 624 4366 οῖ
671 4312 845 4368 Rome
894 4315 998 4368 and
1055 4313 1499 4388 Constantinople
1559 4317 1695 4372 l'rom
1756 4317 1843 4373 the
1902 4314 2059 4371 death
2114 4314 2177 4367 ol'
2210 4311 2483 4380 Augustus
2540 4316 2593 4361 to
2642 4305 2727 4358 the

561 4402 717 4459 death
755 4404 819 4459 of
848 4404 1023 4462 Justin
1064 4405 1131 4464 ΙΙ.
1206 4408 1414 4465 Oxl'ord
1455 4409 1613 4466 1845.
