2984 4975
1439 396 1528 466 25

568 574 677 640 His
716 574 1009 655 cognitis,
1068 574 1122 638 si
1169 570 1466 655 ordinem,
1521 590 1654 664 quo·
1681 568 2039 652 Spartianus
2104 588 2208 636 res
2254 571 2564 642 ais-evento

396 683 457 746 iu
488 680 738 745 Oriente
788 686 995 759 gestas
1037 679 1246 754 refert,
1296 678 1794 758 examinabimus,
1836 676 1997 740 huno
2033 676 2312 753 ordinem
2360 678 2434 744 ab
2487 695 2563 740 eo

396 769 703 870 paululum
745 786 1045 850 turbatum
1090 803 1233 850 esse
1277 784 1633 852 videbimus,
1720 782 1874 856 Nam
1915 784 2048 846 sive
2077 783 2178 846 ah
2208 784 2374 846 initio
2421 783 2565 858 belli

399 893 714 975 incipimus
761 880 956 958 annos
1002 909 1349 973 numerare,
1393 893 1524 956 sive
1567 910 1602 954 a
1646 889 1788 971 fine,·
1832 890 2028 974 series
2081 889 2563 956 annorumdefi-

398 1000 514 1066 uiri
556 1016 679 1062 uon
721 1004 938 1080 potest.
1027 997 1156 1061 Etsi
1192 997 1479 1079 SeveruS‚
1526 1015 1708 1078 quum
1741 997 1803 1060 in
1842 995 2092 1061 Oriente
2129 994 2392 1079 adesset,
2436 1004 2566 1062 sta·-

401 1109 503 1170 tim
547 1104 780 1171 Parthis
833 1105 1057 1168 bellum
1103 1105 1328 1186 intulit,
1396 1105 1530 1166 sine
1576 1102 1758 1167 dubio
1802 1104 1886 1166 in‘
1909 1102 2297 1186 subjiciendis
2334 1102 2564 1168 Parthis

402 1214 722 1282 mximam
758 1230 809 1274 a.
840 1211 960 1272 198
1004 1216 1236 1290 partem
1282 1208 1631 1274 consumsit.
1699 1206 1952 1272 Deinde
1995 1208 2034 1271 i.
2079 1226 2134 1271 e.
2178 1208 2407 1274 sere-a.
2444 1209 2563 1270 198

404 1326 668 1385 exeunte
714 1316 1029 1397 Spartiano
1074 1321 1325 1378 auctore
1368 1314 1432 1376 in
1480 1313 1717 1396 Syriam
1755 1313 1965 1395 rediit,
2025 1320 2091 1377 ut
2136 1331 2280 1378 sese
2324 1323 2569 1397 pararet

406 1426 481 1490 ad
527 1426 747 1490 bellum
793 1420 999 1485 denuo
1042 1421 1274 1488 Parthis
1320 1421 1725 1486 inferendum.
1828 1420 2083 1484 Aestate
2147 1429 2411 1486 exeunte
2455 1421 2569 1494 de·-

402 1547 523 1593 nuo
565 1531 626 1592 in
669 1529 967 1596 Parthiam
1012 1531 1333 1611 ingressus
1380 1527 1832 1611 Ctesiphontem
1877 1528 2067 1610 cepit,
2116 1528 2298 1611 quod,
2342 1532 2457 1594 etsi
2508 1531 2570 1594 iu

399 1617 680 1700 omnibus
724 1636 911 1700 rebus
955 1634 1246 1716 gerendis
1290 1636 1600 1698 minimum
1652 1634 1934 1716 ponimus
1976 1638 2266 1716 temporis
2311 1636 2567 1716 spatium

400 1760 539 1808 eum
591 1743 1039 1825 consumsisse‚
1102 1760 1229 1805 non
1292 1750 1433 1805 ante
1490 1761 1544 1805 a.
1596 1741 1714 1803 199
1743 1758 1748 1763 ·
1774 1740 1906 1806 fieri
1964 1741 2168 1822 potuit.
2254 1739 2319 1803 Id
2367 1750 2567 1807 autem

401 1865 524 1911 non
583 1848 869 1910 convenit
900 1861 1049 1910 'cum
1105 1834 1289 1930 anno}
1352 1865 1532 1928 quem
1590 1853 1770 1910 antea
1829 1846 2266 1912 constituimus.
2371 1846 2569 1920 Minus

401 1954 579 2017 etiam
633 1954 922 2033 temporis
972 1952 1125 2016 ordo
1183 1954 1421 2017 servari
1477 1958 1712 2035 potest,
1780 1954 1832 2016 si
1880 1952 1956 2016 ab
2003 1970 2166 2017 anno
2217 1954 2567 2018 consulatus

397 2059 856 2142 proficiscimur.
943 2042 1074 2123 Una
1115 2077 1252 2126 oum
1297 2059 1421 2124 filio
1483 2060 1712 2141 majore
1769 2075 1839 2123 se
1900 2058 2214 2124 consulem
2257 2058 2571 2140 designa-.-

403 2168 487 2232 vit
528 2165 797 2230 Severus
841 2184 894 2228 a.
943 2166 1059 2226 201
1113 2173 1206 2248 et,
1287 2183 1470 2248 quum
1516 2164 1870 2247 Spartianus
1917 2164 2321 2248 Ctesiphontis
2368 2183 2567 2249 expu-

400 2274 752 2354 guationem
810 2274 1145 2338 arctissime
1200 2273 1535 2356 conjungat
1592 2290 1728 2338 cum
1773 2272 1970 2336 reditu
2015 2274 2078 2334 in
2124 2272 2396 2354 Syriam,
2455 2291 2569 2337 ae·-

403 2388 565 2461 staS,
611 2397 729 2461 qua
774 2384 1039 2446 exeunte
1085 2377 1232 2441 urbs
1276 2377 1379 2440 illa
1421 2383 1595 2458 capta
1647 2383 1770 2456 est,
1816 2377 1980 2441 nulla
2022 2376 2138 2442 alia
2184 2377 2303 2441 nisi
2342 2398 2394 2444 a.
2443 2380 2565 2444 200

403 2492 604 2550 aestas
662 2500 804 2548 esse
858 2484 1091 2566 possit,
1170 2482 1229 2546 id
1293 2482 1456 2564 quod
1513 2482 1733 2548 falsum
1792 2501 1934 2548 esse
2001 2482 2567 2553 demonstravimus.

401 2592 670 2673 Utroque
729 2591 916 2674 igitur
973 2590 1157 2653 modo
1212 2588 1526 2672 Spartiani'
1573 2590 1969 2674 chronologia
2024 2591 2266 2655 mrbata
2312 2590 2565 2672 videtur,

401 2697 666 2778 indeque
712 2704 992 2779 apparet,
1045 2697 1426 2779 Spartianum
1471 2696 1668 2761 solum
1711 2697 1786 2760 ad
1832 2713 2036 2761 rerum
2090 2705 2398 2779 gestarum
2457 2717 2561 2761 or·-

403 2803 603 2869 dinem
648 2803 1057 2869 definiendum
1103 2822 1227 2871 non
1269 2803 1572 2869 sufficere.
1872 2877 1877 2881 ,
1973 2819 1986 2888 j

575 2910 766 2982 Quam
813 2910 892 2973 ob
935 2927 1068 2973 rem
1102 2909 1381 2974 Cassium
1413 2911 1673 2975 Dionem
1722 2917 1781 2972 et
1824 2909 2236 2977 Herodianum
2281 2912 2342 2973 in
2389 2912 2567 2977 auxi*-

407 3013 549 3076 lium
597 3029 886 3079 vocemus
931 3017 1186 3092 oportet.
1275 3012 1546 3085 Quorum
1594 3020 1810 3078 neuter
1857 3014 2097 3095 quidem
2143 3014 2384 3081 disertis
2422 3034 2569 3085 vet·-

407 3119 500 3183 bis
532 3118 730 3201 tradit,
775 3118 1070 3183 Severum
1118 3119 1278 3183 bello
1323 3119 1594 3203 nondum
1641 3120 1920 3187 confecto
1966 3122 2027 3183 in
2068 3120 2304 3204 Syriam
2348 3138 2569 3186 rever-

405 3226 554 3287 tisse
599 3231 659 3287 et
702 3232 914 3306 postea·
960 3225 1162 3288 denuo
1206 3224 1438 3289 Parthis
1487 3226 1712 3290 bellum
1768 3227 2077 3309 intulisse,
2137 3229 2217 3291 ita
2273 3237 2341 3292 ut
2396 3246 2569 3297 com-

401 3332 740 3397 moratione
784 3330 888 3393 illa
929 3331 991 3393 in
1026 3329 1205 3412 Syria
1251 3332 1474 3395 bellum
1511 3331 1855 3397 Parthicum.
1879 3335 1952 3419 ,in
1991 3333 2152 3402 «duas
2196 3333 2567 3401 divideretur

401 3444 623 3518 partes.
725 3434 1007 3501 Attamen
1060 3435 1522 3520 haesitaverim‚
1583 3454 1745 3519 quae
1802 3438 2156 3520 Spartianus
2210 3439 2326 3507 hac
2374 3439 2453 3504 de
2497 3460 2567 3509 rc

401 3549 626 3624 narret,
649 3543 919 3607 omnino
950 3544 1238 3624 rejicere.
1274 3544 1277 3549 ’
1324 3543 1712 3613 Herodianus
1756 3547 1919 3615 enim
1963 3566 2072 3615 res
2107 3555 2322 3629 gestas
2361 3566 2565 3629 neque

398 3648 732 3729 diligenter
776 3666 985 3729 neque
1030 3656 1310 3713 accurate
1357 3650 1716 3719 describens
1762 3655 2055 3719 maximas
2095 3654 2303 3719 mbas
2349 3663 2566 3721 movet.

362 3843 367 3849 ψ
405 3753 558 3826 Quid
596 3768 1090 3836 commemorem,
1137 3756 1296 3837 quod
1340 3757 1438 3823 vel
1480 3758 1774 3829 Arabiam
1818 3758 2055 3823 felicem
2100 3758 2325 3824 adiisse
2367 3761 2566 3841 impe-

400 3867 667 3924 ratorem
697 3859 889 3927 refert
917 3858 983 3946 ¹),
1027 3862 1205 3945 cujus
1231 3869 1437 3933 terrae
1470 3862 1627 3931 fines
1658 3864 1953 3931 Severum
1993 3881 2301 3946 nunquam
2336 3865 2562 3933 vidisse

417 4016 501 4028 *-

516 4111 565 4181 1)
605 4106 674 4165 er.
709 4113 745 4166 1.
785 4131 831 4165 ο.
874 4113 909 4167 ι.
936 4111 1031 4169 ιιι.
1070 4130 1118 4167 0.
1157 4112 1209 4170 9.
1248 4112 1307 4185 s.
1348 4115 1397 4169 5:
1439 4112 1544 4187 (ed.
1582 4115 1825 4171 irmisoh.
1865 4114 1935 4170 ιι.
1961 4112 2027 4188 p.
2053 4091 2203 4186 1³46)ss
2275 4110 2562 4171 nemesa-

403 4221 530 4258 num
581 4204 909 4259 audiendum
960 4220 1069 4258 non
1123 4221 1245 4260 esse
1277 4208 1512 4258 δικαίως
1562 4205 1707 4259 idem
1747 4205 1988 4261 decrevit
2018 4206 2075 4260 in
2112 4204 2561 4266 Annon-tionibus

405 4293 471 4349 ad
512 4292 703 4351 Dionis
742 4297 777 4353 Ι.
813 4292 1038 4352 LXXV.
1077 4293 1140 4352 T.
1176 4293 1246 4350 11.
1286 4313 1340 4370 p.
1380 4295 1508 4357 759.
