2984 4975
1486 419 1575 486 ⁹ss

450 590 587 654 sine
628 589 755 653 uilo
798 589 983 654 dubio
1024 585 1370 656 confirmari
1414 598 1628 672 potest.
1718 587 1890 665 Quae
1947 599 2148 659 autem
2203 591 2447 656 Cassius
2496 593 2610 658 Dio

449 697 526 759 de
582 697 771 760 rebus
825 698 1017 780 gestis
1067 698 1281 763 Severi
1326 706 1567 781 narrat,
1627 718 1702 763 ea
1750 700 1867 762 nisi
1916 700 1977 762 in
2022 700 2308 783 Xiphitini
2350 701 2611 782 epitome

449 821 570 867 non
611 810 878 885 exstant,
922 806 983 867 in
1029 822 1148 885 qua
1192 817 1494 886 persaepe
1541 801 1763 886 aliquid
1805 806 2098 869 omissum
2144 821 2288 869 esse
2331 801 2612 870 omnibus

448 910 755 991 cognitum
800 915 911 971 est.
1012 907 1295 989 Accedit,
1355 907 1520 989 quod
1579 909 1679 971 vel
1738 911 1797 971 in
1856 910 2142 992 Xiphilini
2198 913 2490 994 epitome,
2549 920 2614 975 ut

448 1021 657 1096 postea
702 1013 1115 1099 probabimus,
1161 1009 1553 1080 commoratio
1598 1015 1696 1078 iila
1734 1016 1948 1079 Severi
1990 1018 2242 1100 Syriaca
2279 1017 2461 1100 paulo
2495 1012 2613 1080 ob·-

448 1121 825 1185 scurioribus
870 1120 1076 1186 verbis
1121 1118 1434 1183 indicatur.
1899 1117 1904 1120 ’

520 1227 525 1236 ’
621 1226 792 1299 Quae
827 1243 979 1288 vero
1019 1226 1096 1288 de
1138 1226 1324 1288 rebus
1369 1224 1563 1305 gestis
1607 1225 1820 1289 Severi
1864 1226 1981 1290 Dio
2025 1235 2247 1310 narrat,
2292 1226 2612 1294 haec‘fere

448 1338 586 1395 sunt
612 1329 686 1415 ¹):
733 1331 999 1396 Severus
1037 1329 1111 1394 ad
1146 1331 1370 1394 bellum
1401 1338 1611 1395 eontra
1649 1331 1899 1396 Parthos
1933 1333 2272 1414 gerendum
2302 1337 2611 1416 profectus

447 1437 702 1521 primum
735 1438 967 1502 Nisibin
1019 1435 1185 1502 venit
1220 1446 1279 1501 et
1311 1441 1636 1503 exstructis
1670 1435 1733 1501 in
1764 1435 2074 1522 Euphrate
2104 1443 2359 1506 navibus
2393 1439 2608 1526 partim

449 1548 747 1612 maritimo
803 1546 1018 1629 partim
1064 1544 1335 1627 pedestri
1380 1547 1599 1610 itinere
1645 1547 1955 1629 profectus
2000 1548 2282 1612 celeriter
2323 1545 2609 1638 (τάχεως)

449 1653 789 1718 Seleuciam
834 1660 897 1717 et
940 1652 1312 1735 Babylonem
1358 1654 1548 1717 urbes
1594 1671 1628 1717 a
1673 1655 1958 1719 militibus
2005 1654 2289 1720 Romanis
2320 1657 2448 1737 Jam
2496 1655 2610 1718 de-

448 1760 691 1824 relictas
737 1761 1071 1841 occupavit.
1165 1760 1397 1824 Deinde
1443 1769 1505 1825 et
1546 1760 1995 1872 Ctesiphontem
2042 1765 2231 1845 cepit,
2280 1781 2489 1844 quam-
2514 1770 2610 1825 ta-

448 1883 591 1931 men
639 1866 852 1929 urbem
898 1877 1023 1928 non
1065 1864 1343 1946 retinuit,
1407 1865 1520 1930 sed
1579 1874 1639 1932 et
1694 1867 2040 1947 ignorantia
2089 1868 2362 1930 locorum
2408 1874 2468 1930 et
2510 1871 2610 1930 in·-

449 1973 587 2053 opia
635 1989 841 2036 rerum
894 1973 1380 2036 necessariarum
1432 1967 1679 2038 coactus
1732 1973 2010 2037 discessit
2058 1980 2117 2037 et
2161 1974 2275 2038 alia
2321 1975 2418 2038 via
2462 1991 2612 2058 par-

446 2078 553 2139 tim
588 2079 761 2160 juxta
792 2078 1003 2159 Tigrin
1036 2077 1283 2142 fluvium
1329 2080 1544 2160 partim
1587 2080 1647 2141 in
1691 2079 1827 2161 ipso
1860 2079 2046 2154 fluvio
2079 2075 2430 2144 Armeniam
2462 2095 2610 2145 ver-

449 2194 557 2247 sus
626 2186 959 2247 exereitum
1030 2179 1212 2246 duxit.
1343 2184 1559 2248 Postea
1624 2184 2119 2266 Mesopotamiam
2185 2193 2609 2268 transgressus

451 2291 600 2354 Atra
642 2291 855 2356 urbem
901 2292 1058 2353 inter
1102 2290 1310 2371 Tigrin
1362 2298 1422 2354 et
1470 2291 1838 2373 Euphratem
1890 2294 2064 2355 sitam
2118 2307 2456 2374 aggressus
2495 2302 2611 2358 est.

450 2395 570 2461 Sed
617 2396 760 2459 nihii
804 2391 1064 2477 profecit
1103 2404 1163 2458 et
1206 2398 1430 2459 omissa
1477 2396 1798 2460 obsidione
1843 2405 2041 2460 castra
2088 2399 2292 2461 movit.
2379 2399 2609 2472 Quibus

448 2504 681 2567 traditis
737 2502 854 2566 Dio
914 2503 990 2566 de
1046 2502 1236 2565 caede
1288 2500 1762 2573 clarissimorum
1816 2504 2085 2566 virorum
2138 2504 2303 2568 Laeti
2360 2513 2420 2569 et
2467 2506 2610 2569 Julii

451 2604 679 2693 Crispi,
744 2610 967 2672 tribuni
1027 2602 1554 2691 praetorianorum
1616 2610 1895 2691 militum,
1956 2612 2320 2676 mentionem
2367 2611 2510 2681 facit
2551 2616 2609 2676 et

452 2724 762 2801 postremo
807 2722 1031 2798 narrat,
1078 2715 1375 2779 Severum
1419 2723 1771 2797 comparato
1816 2730 2039 2797 magno
2099 2723 2438 2780 commeatu
2474 2732 2609 2798 ‘pa-

445 2824 720 2904 ratisque
776 2820 1067 2885 machinis
1126 2823 1340 2885 iterum
1392 2820 1698 2884 adversus
1747 2818 1900 2884 Atra
1952 2822 2282 2884 exercitum
2344 2820 2612 2884 duxisse.

448 2931 645 3004 Quam
683 2928 896 2992 urbem
940 2942 1124 3009 quum
1168 2928 1385 2990 iterum
1431 2927 1654 2990 frustra
1688 2925 2003 2991 obsessam
2037 2927 2352 3008 tenuisset,
2395 2928 2454 2990 in
2491 2927 2612 3009 Sy-

448 3035 601 3098 riam
644 3033 839 3097 rediit.
1475 3114 1488 3125 ,

496 3176 503 3183 ,
619 3140 757 3203 ,ἰωή
786 3154 957 3220 vero,
1005 3140 1058 3202 si
1104 3136 1469 3221 xiphffinum
1516 3140 1894 3220 respicimus,
1945 3138 2160 3219 elucet,
2202 3138 2421 3209 urbem
2460 3136 2607 3199 Cte-

448 3247 790 3329 siphontem
835 3247 1002 3309 initio
1046 3245 1187 3308 betti
1230 3252 1464 3329 captam
1511 3262 1672 3308 esse.
1768 3242 1980 3324 Neque
2023 3242 2241 3324 minus,
2286 3259 2407 3323 quo
2451 3249 2608 3305 tem-

454 3353 921 3438 pore‘Severus
956 3348 1022 3415 ’in
1066 3349 1245 3435 Syria
1288 3359 1697 3415 commoratus
1741 3352 1841 3431 sit,
1906 3348 2084 3411 facile
2140 3356 2233 3411 est
2280 3348 2606 3412 intellectu.

451 3460 802 3524 Defendet-e
849 3462 1009 3523 onim
1042 3476 1191 3524 -non
1248 3460 1485 3541 dubito,
1545 3456 1838 3522 Severum
1883 3472 2006 3518 non
2054 3462 2195 3518 ante
2243 3453 2610 3537 Ctesiphon-

449 3571 526 3632 tis
555 3569 1085 3651 expugnationem,
1123 3575 1187 3630 ut
1218 3565 1578 3650 Spartianus
1604 3562 1757 3627 falso
1789 3562 1997 3645 refert,
2027 3562 2138 3625 sed
2166 3564 2365 3645 potius
2397 3570 2610 3643 postea

453 3674 612 3739 inter
666 3676 919 3755 primam
976 3681 1038 3737 et
1091 3673 1420 3738 secundam
1470 3671 1640 3745 urbis
1684 3669 2052 3734 Atrenorum
2097 3669 2608 3752 oppugnationem

428 3785 512 3845 *in
542 3782 735 3865 ‘Syria
789 3774 1054 3864 degisse.
1156 3778 1307 3842 Nam
1367 3778 1529 3861 quod
1585 3778 1701 3842 Dio
1757 3796 1808 3841 c.
1860 3777 1930 3845 11
1998 3784 2235 3858 narrat,
2296 3774 2610 3856 Severum,

450 3889 802 3971 priusquam
846 3887 995 3955 Atra
1053 3886 1277 3950 denuo·
1310 3898 1648 3966 aggressus
1707 3888 1906 3966 esset,
1957 3896 2243 3965 magnum
2289 3898 2613 3964 compara-

453 3996 618 4057 visse
662 4000 1058 4057 commeatum
1106 3990 1446 4071 multasque
1494 3988 1838 4072 machinaS‚
1888 3989 1947 4052 id
1994 4007 2115 4052 non
2157 3991 2217 4051 in
2261 3988 2612 4071 Mesopota-

450 4100 574 4167 mia
626 4098 739 4165 sed
797 4099 863 4160 in
913 4097 1086 4178 syria
1130 4094 1355 4159 sactum
1406 4112 1552 4163 esse
1595 4095 1926 4161 verisimile
1970 4102 2088 4176 est,
2149 4094 2289 4177 ubi,
2331 4113 2490 4177 quae
2536 4094 2612 4158 ad

567 4321 623 4393 2)
661 4321 732 4374 cr.
771 4316 913 4375 nist.
954 4315 1114 4375 Rom.
1152 4317 1188 4372 1.
1225 4315 1450 4373 Lxxv.
1487 4335 1534 4371 e„
1571 4317 1610 4374 o
1644 4334 1723 4390 sq,
1811 4308 1820 4317 ·
1899 4336 1906 4347 -
