2984 4975
1334 461 1422 528 1⁷

326 650 508 717 quam
537 633 844 717 prioribus
877 643 952 719 et,
1000 654 1077 700 eo
1109 636 1282 720 duce,
1337 638 1657 702 ecclesiam
1690 638 1765 705 ad
1794 655 2014 706 novam
2053 651 2110 707 et
2148 644 2483 725 perfectio—

322 755 452 802 rem
498 742 822 822 pervenire
867 746 1153 823 aetatem,
1206 740 1448 803 disertis
1494 740 1700 807 verbis
1744 750 1957 806 auctor
1999 745 2060 806 in
2101 747 2483 826 praefatione

320 852 590 909 actorum
638 846 833 909 edicit.
944 847 1076 911 Jam
1138 846 1412 911 videmus
1457 850 1940 913 controversiam
2001 858 2280 915 exortam
2326 854 2484 919 inter

320 970 451 1036 eoS,
499 954 618 1035 qui,
662 959 725 1015 ut
760 955 957 1035 ⁴ipsius
997 954 1262 1018 auctoris
1305 955 1511 1018 verbis
1555 963 1708 1039 utar,
1756 975 1977 1034 „unam
2025 957 2303 1024 virtutem
2349 961 2480 1041 spi-

315 1059 466 1123 ritus
498 1061 678 1124 unius
719 1060 913 1124 sancti
942 1077 1057 1142 pro
1099 1062 1395 1126 aetatibus
1415 1060 1772 1144 judicabant
1809 1068 2189 1145 temporum“
2239 1073 2298 1129 et
2343 1084 2474 1150 eos,

319 1168 421 1248 qui
485 1169 757 1249 „majora
821 1167 1179 1249 reputabant
1236 1170 1537 1232 novitiora
1603 1187 1884 1251 quaeque
1942 1177 2007 1232 ut
2050 1172 2477 1235 novissimiora

316 1273 654 1338 secundum
698 1273 1197 1338 exuberationem
1239 1274 1472 1354 gratiae
1521 1273 1584 1336 in
1643 1274 1847 1337 ultima
1893 1276 2082 1338 seculi
2124 1279 2316 1357 spatia
2360 1277 2477 1343 de·—

315 1384 543 1445 creta.“
625 1381 999 1462 Quamquam
1029 1388 1227 1445 autem
1253 1380 1491 1446 disertis
1520 1381 1728 1445 verbis
1749 1380 2019 1446 doctrina
2043 1382 2472 1447 fundamenta-

314 1485 778 1549 lisMontanismi
807 1488 1182 1568 proponitur,
1217 1486 1652 1569 negligendum
1685 1505 1807 1551 non
1837 1494 1947 1570 est,
1983 1489 2145 1570 quod
2175 1506 2473 1571 nusquam

315 1591 555 1654 disertis
587 1592 792 1656 verbis
818 1591 1145 1658 Montanus
1187 1600 1247 1656 et
1279 1594 1597 1657 mulierum
1639 1594 1994 1677 prophetiae
2039 1603 2475 1676 agnoscuntur.

311 1695 593 1778 Spiritum
639 1706 911 1766 sanctum
945 1699 1293 1763 novissimis
1336 1700 1709 1781 temporibus
1753 1701 1983 1782 majora
2026 1700 2288 1765 locutum
2331 1718 2473 1765 esse

309 1796 493 1866 docet
537 1810 781 1886 auctor,
828 1806 930 1887 qui
974 1801 1174 1869 tamen
1219 1806 1378 1870 idem
1426 1824 1505 1870 ne
1545 1807 1744 1872 verbo
1791 1806 2055 1890 quidem,
2099 1809 2467 1889 paracletum

305 1909 372 1971 in
401 1909 688 1973 Montano
717 1912 1022 1976 exstitisse
1048 1920 1108 1975 et
1136 1930 1249 1994 per
1274 1914 1565 1977 mulieres
1588 1913 1980 1995 prophetides
2014 1915 2279 1978 locutum
2306 1932 2468 1997 esse,

302 2014 557 2099 indicat,
617 2018 677 2081 id
724 2018 887 2100 quod
936 2020 1257 2101 perspicue
1304 2020 1565 2083 eundem
1610 2021 1879 2103 priorem
1923 2019 2304 2084 Montanismi
2340 2026 2470 2083 sta-

302 2123 423 2183 tum
469 2123 706 2207 prodit,
769 2143 948 2207 quem
992 2127 1052 2188 in
1101 2126 1404 2191 nonnullis
1442 2125 1792 2190 Tertulliani
1824 2127 2064 2208 scriptis
2109 2127 2467 2190 invenimus.

475 2229 596 2293 Sed
645 2232 827 2295 multo
873 2232 1191 2296 clariorem
1238 2233 1418 2297 etiam
1463 2233 1660 2297 lucem
1694 2232 1953 2297 afferunt
1986 2240 2115 2296 acta
2161 2231 2467 2313 passionis

300 2335 592 2401 historiae
613 2337 996 2402 Montanismi
1031 2340 1089 2401 in
1136 2339 1395 2402 ecclesia
1424 2336 1927 2422 Carthaginiensi,
1974 2344 2033 2400 et
2076 2337 2283 2418 miror,
2323 2331 2467 2417 quid

302 2442 396 2527 sit,
444 2441 604 2526 quod
648 2449 860 2526 parum
902 2445 979 2508 iis
1017 2446 1112 2509 usi
1157 2446 1275 2508 sint
1315 2445 1431 2508 viri
1475 2443 1653 2508 docti.
1739 2443 1957 2508 Narrat
2001 2442 2254 2507 Saturus
2298 2457 2466 2505 mar-

299 2556 396 2630 tyr
440 2569 490 2613 o.
544 2550 614 2609 11
667 2568 755 2632 sq.
813 2567 970 2633 quae
1017 2551 1077 2613 in
1128 2551 1449 2641 horomate
1494 2550 1659 2633 vidit,
1704 2567 1776 2615 se
1819 2568 1939 2614 una
1986 2567 2121 2614 cum
2167 2549 2461 2629 Perpetua

297 2654 372 2718 ad
419 2655 659 2721 coelum
706 2657 1060 2721 ascendisse
1104 2658 1309 2741 ibique
1352 2657 1650 2721 sublatum
1697 2673 1840 2721 esse
1886 2657 1961 2720 ad
2006 2656 2286 2719 thronum
2325 2655 2462 2716 Do-

297 2761 459 2824 mini.
563 2746 799 2827 Deinde
857 2764 1084 2845 pergit:
1155 2764 1266 2842 „Et
1320 2764 1619 2828 exivimus
1665 2770 1724 2826 et
1783 2761 2045 2828 vidimus
2105 2769 2245 2824 aute
2292 2746 2459 2825 sores

296 2868 580 2949 optatum
636 2870 987 2951 episcopum
1046 2869 1121 2933 ad
1167 2870 1480 2933 dexteram
1542 2878 1604 2933 et
1664 2868 1992 2950 Aspasium
2037 2867 2459 2949 presbyterum

295 2975 605 3036 doctorem
626 2975 707 3038 ‘ad
738 2976 1062 3056 sinistram,
1107 2984 1424 3057 separatos
1470 2983 1531 3038 et
1571 2977 1795 3057 tristes,
1837 2983 1897 3040 et
1941 2977 2236 3037 miserunt
2267 2989 2338 3036 se
2376 2972 2452 3035 ad

294 3078 487 3160 pedes
536 3081 713 3143 nobis
758 3087 819 3144 et
860 3079 1178 3144 dixerunt:
1248 3081 1601 3163 componite
1644 3081 1802 3145 inter
1847 3084 2002 3160 nos}
2061 3080 2199 3160 quia
2247 3079 2456 3142 existis

291 3191 351 3248 et
392 3187 481 3248 sio
521 3167 638 3249 nos
685 3187 1032 3268 reliquistis.
1118 3186 1192 3250 Et
1238 3187 1499 3250 diximus
1544 3186 1693 3250 illis:
1734 3186 1872 3251 Non
1916 3194 1981 3250 tu
2025 3202 2093 3248 es
2133 3185 2289 3266 Papa
2334 3202 2457 3248 no·-

290 3296 417 3353 ster
464 3297 539 3353 et.
567 3299 631 3354 tu
664 3291 1009 3375 Presbyter,
1053 3299 1118 3354 ut
1161 3309 1275 3356 vos
1323 3291 1397 3354 ad
1429 3291 1621 3374 pedes
1667 3278 1846 3354 nobis
1881 3289 2164 3353 mittatis?
2205 3297 2265 3354 et
2306 3291 2456 3354 moti

292 3410 501 3459 sumus
570 3404 630 3460 et
672 3382 997 3479 ‘eomplexi
1058 3397 1197 3461 illos
1262 3415 1490 3461 sumus.
1593 3395 1667 3460 Et
1725 3398 1927 3478 eoepit
1965 3395 2263 3477 Perpetua
2316 3414 2452 3459 cum

286 3501 402 3564 illis
445 3503 649 3584 loqui,
712 3510 773 3566 et
835 3503 1335 3586 segregravimus
1381 3521 1492 3566 eos
1539 3505 1598 3566 in
1643 3501 1993 3567 viridarium
2054 3502 2168 3565 sub
2231 3502 2453 3565 arbore

287 3624 491 3673 rosae.
576 3608 650 3672 Et
697 3610 837 3673 dum
886 3610 1193 3692 loquimur
1246 3630 1382 3674 cum
1439 3611 1532 3691 iia,
1579 3608 1860 3674 dixerunt
1900 3609 2016 3672 illis
2067 3607 2296 3690 angeli:
2347 3605 2452 3670 si-

286 3718 410 3780 nite
451 3716 611 3799 illos,
656 3717 1053 3798 refrigerem
1100 3725 1160 3782 et
1203 3718 1255 3781 si
1302 3734 1453 3799 quas
1484 3715 1720 3780 habetis
1764 3717 1922 3781 inter
1952 3732 2067 3779 vos
2101 3712 2450 3780 dissensio·-

284 3841 426 3905 nes,
490 3823 756 3887 dimittite
798 3825 975 3889 vobis
1021 3826 1279 3889 invicem
1323 3833 1382 3890 et
1426 3817 1942 3889 conturbaverunt
1985 3840 2113 3887 eoS.
2217 3821 2299 3883 Et
2340 3821 2447 3882 di·-

280 3937 510 3992 oeerunt
551 3930 799 4012 Optato.-
862 3933 1122 4014 Corriqe
1157 3930 1398 4014 plebem
1441 3938 1607 3995 tuam
1623 3977 1643 4011 ,
1708 3933 1855 4013 quia
1907 3928 2000 3993 sio
2055 3928 2143 3991 ad
2182 3935 2241 3989 te
2287 3945 2445 3989 con-

279 4036 531 4098 veniunt
584 4038 764 4119 quasi
806 4039 882 4101 de
937 4040 1106 4103 circo
1163 4040 1487 4103 redeuntes
1542 4045 1606 4100 et
1664 4039 1740 4100 de
1789 4033 2166 4116 factionibus
2197 4032 2242 4118 ¹)
2302 4053 2445 4097 cer-

389 4246 438 4319 1)
477 4246 612 4305 Cod.
650 4244 728 4305 Μ.
764 4249 821 4306 S.
861 4251 1411 4322 »defatigationibus«.
1503 4250 1668 4306 Recte
1700 4244 2170 4320 jamfloluteniua
2205 4245 2442 4300 correxit

278 4337 375 4392 »de
412 4338 783 4395 factionibus«

1881 4440 1923 4500 2
