2984 4975
1566 433 1654 498 1ss

525 617 739 674 tantas.
846 609 925 672 Et
968 610 1056 684 sic
1100 606 1278 678 nobis
1323 604 1519 668 visum
1566 611 1660 670 est
1705 602 1879 685 quasi
1924 601 2148 668 vellent
2205 598 2494 670 claudere·
2536 617 2687 684 por-

522 721 676 784 taS.“
791 715 1023 790 Quibus
1070 713 1275 778 verbis
1320 712 1463 794 quin
1524 717 1715 776 status
1769 717 1830 774 et
1874 708 2136 778 conditio
2181 706 2483 776 eeclesiae
2527 705 2685 770 Car-

521 822 920 903 thaginiensis
944 818 1345 899 describatur,
1384 815 1617 882 ,nullum
1647 823 1739 879 est
1764 815 2029 879 dubium.
2118 814 2389 896 Optatus,
2428 812 2485 875 id
2523 813 2686 894 quod

526 937 590 992 et
619 925 953 1005 Morcelli1)
999 933 1058 988 et
1082 924 1432 992 Muenterus
1479 930 1748 990 statuunt
1761 920 1834 1007 2),
1871 921 2197 1004 episcopus
2222 919 2689 1006 Carthaginien-

525 1037 609 1102 sis
657 1042 778 1115 est,
845 1032 948 1113 qui
992 1029 1236 1112 quidem
1280 1048 1358 1096 eo
1404 1036 1679 1110 tempore
1721 1029 1782 1092 in
1827 1027 2113 1096 cathedra
2172 1025 2448 1104 sedehat.
2536 1025 2687 1090 Nam

525 1156 888 1221 quamquam
933 1137 992 1199 in
1041 1156 1117 1206 eo
1161 1137 1300 1202 loco
1346 1155 1489 1205 eum
1533 1135 1681 1206 vidit
1709 1133 1980 1217 Saturus,
2025 1135 2128 1200 ubi
2174 1134 2396 1200 mortui
2440 1149 2691 1199 moran-

522 1252 637 1325 tur,
685 1252 905 1325 tamen,
944 1262 1087 1307 eum
1105 1250 1403 1314 mortuum
1439 1242 1708 1320 nondum
1756 1259 1918 1323 esse,
1962 1261 2035 1310 ea
2066 1259 2137 1304 re
2168 1240 2502 1321 indicatur,
2527 1238 2689 1322 quod

526 1349 602 1414 ab
647 1348 885 1432 angelis
929 1367 1050 1412 una
1095 1368 1230 1416 cum
1258 1350 1623 1430 presbytero
1665 1348 1999 1430 repellitur,
2049 1348 2335 1429 quoniam
2361 1344 2445 1414 ibi
2472 1345 2691 1426 adesse

522 1456 597 1521 iis
640 1454 908 1523 nondum
950 1456 1107 1528 licet.
1194 1455 1453 1526 Perinde
1487 1455 1786 1538 Aspasius
1821 1455 2157 1536 presbyter
2208 1451 2509 1520 ecclesiae
2537 1450 2692 1516 Gar—

522 1560 925 1645 thaginiensis
991 1568 1084 1632 est
1150 1566 1210 1626 et
1272 1559 1484 1630 doctor
1559 1559 1659 1626 ille
1728 1560 2228 1641 cognominatur,
2312 1559 2453 1639 quia
2507 1556 2690 1624 officii

525 1667 681 1734 illius
734 1674 905 1750 etat,
956 1667 1250 1748 plebem,
1310 1666 1641 1750 praecipue
1680 1664 2185 1750 catechumenoS,
2231 1664 2477 1728 docere.
2535 1743 2542 1748 .
2587 1662 2689 1726 In-

524 1781 619 1840 ter
664 1780 984 1856 utrumque
1017 1772 1687 1840 dissensionemortam
1722 1788 1866 1838 esse
1911 1771 2224 1854 doeemur,
2275 1778 2337 1836 et
2383 1786 2693 1854 quaeren—

526 1881 686 1945 tibus
733 1878 929 1959 nohis,
990 1895 1291 1960 quaenam
1337 1876 1524 1944 fuerit
1562 1876 1869 1946 dissensio
1929 1877 2059 1960 illa,
2091 1884 2337 1959 ,sponte
2390 1895 2462 1942 se
2503 1876 2694 1952 ‚offert

528 1986 908 2067 conjectura,
987 2000 1122 2050 eam
1162 2003 1224 2064 ,a
1281 1984 1723 2068 disceptatione
1796 1983 2179 2052 Montanismi
2241 1983 2504 2052 alienam
2570 2000 2690 2058 non

527 2089 737 2160 fuisse.
816 2091 951 2166 Quo
985 2092 1146 2158 enim
1175 2090 1598 2172 vehementius
1629 2091 1828 2172 aliqua
1864 2094 2158 2174 quaestio,
2181 2091 2503 2162 ecclesiam
2547 2108 2694 2172 per·-

527 2202 761 2279 mcvet,
828 2215 904 2260 eo
952 2198 1146 2281 magis
1212 2214 1427 2264 omnes
1486 2198 1638 2261 alias
1705 2200 2100 2280 quaestiones
2161 2215 2463 2279 occupare
2522 2196 2694 2260 solet.

529 2303 720 2378 Quam
768 2303 1177 2386 suspicionem
1223 2304 1561 2372 luculenter
1605 2303 1961 2376 confirmant
2003 2306 2138 2386 ipsa
2184 2310 2338 2376 acta,
2433 2303 2693 2388 Episco-

527 2427 670 2492 pum
717 2429 751 2472 a
795 2410 1161 2492 martyribus
1211 2410 1568 2499 alieniorem
1612 2410 1873 2474 vidimus
1921 2430 2100 2495 quam
2144 2410 2500 2495 Aspasium,
2555 2428 2693 2474 narn

528 2517 779 2599 Optatus
823 2517 1164 2603 corrigitur,
1207 2518 1530 2600 presbyter
1549 2536 1674 2582 non
1710 2519 1871 2585 item.
1949 2518 2034 2593 ‚Et
2064 2519 2224 2601 quod
2244 2518 2532 2600 episeopo
2556 2517 2696 2581 vitio

529 2623 814 2705 vertitur,
857 2623 1004 2687 nibil
1050 2621 1209 2687 aliud
1257 2631 1380 2707 est,
1442 2624 1561 2687 nisi
1606 2624 1766 2707 quod
1812 2623 2211 2688 Montanistae
2256 2642 2502 2709 semper
2544 2624 2698 2705 Psy-

531 2729 715 2797 cbicis
762 2728 1230 2812 exprobrabant,
1277 2729 1650 2813 disciplinam
1697 2731 2168 2797 ecclesiasticam
2215 2730 2290 2795 ab
2335 2731 2408 2801 iis
2451 2730 2701 2815 negligi.

529 2834 682 2899 Nam
729 2852 887 2917 quae
933 2835 1136 2916 angeli
1183 2835 1414 2899 dicunt:
1477 2837 1763 2918 „corrige
1807 2836 2049 2918 plebem
2091 2840 2295 2905 ῑιιωηιι
2345 2835 2492 2903 nihil
2536 2835 2695 2909 aliud

533 2941 769 3022 volunt,
815 2942 933 3007 nisi
981 2941 1396 3024 „disciplinam
1444 2943 1918 3008 ecclesiasticam
1962 2943 2158 3027 magis
2200 2942 2554 3029 neglexisti3
2607 2945 2699 3006 ri-

528 3047 827 3130 gidiorem
874 3049 1375 3131 severioremque
1422 3068 1723 3116 exerceas
1770 3051 2217 3134 disciplinam“*;
2276 3057 2333 3117 et
2384 3069 2541 3131 quae
2587 3048 2700 3112 ad-

534 3154 754 3225 duntur
805 3154 986 3235 „quia
1030 3153 1121 3219 sic
1167 3154 1243 3221 ad
1285 3161 1346 3217 te
1391 3157 1762 3220 conveniunt
1807 3157 1981 3238 quasi
2034 3156 2110 3221 de
2158 3160 2321 3221 circo
2365 3155 2695 3219 'redeuntes

533 3269 594 3327 et
634 3254 713 3327 de
757 3260 1117 3325 factionibus
1163 3266 1506 3329 certantes“
1556 3281 1680 3328 non
1721 3263 1857 3328 sine
1902 3263 2103 3344 aliqua
2141 3278 2326 3325 causa
2361 3260 2514 3329 dicta
2541 3269 2699 3327 sunt.

532 3367 848 3433 Factioues
895 3367 1054 3428 enim
1097 3366 1175 3430 de
1222 3367 1439 3449 quibus
1487 3369 1693 3452 angeli
1751 3369 1938 3435 verba
1983 3367 2240 3448 faciunt,
2269 3379 2419 3430 ’non
2479 3365 2555 3429 de
2601 3366 2699 3430 fa-

532 3474 830 3547 ctionibus
866 3480 926 3535 et
951 3472 1431 3557 dissensionibus
1461 3472 1890 3545 ecclesiasticis
1936 3472 2366 3554 intelligendae
2412 3489 2553 3553 esse
2599 3472 2700 3537 vi-

532 3581 783 3661 dentur,
844 3586 908 3644 ut
940 3578 1250 3647 Holstenio
1278 3579 1326 3663 3)
1371 3589 1434 3643 et
1476 3579 1790 3647 Muentero
1820 3578 1869 3663 4)
1916 3579 2179 3663 placuit,
2223 3577 2332 3645 sed
2377 3577 2574 3659 potius
2619 3575 2699 3641 de

531 3685 892 3755 factionibus
939 3686 1349 3769 circensibuS‚
1396 3693 1456 3751 et
1501 3686 1677 3751 aliam
1724 3687 2020 3769 attingunt
2063 3684 2218 3750 haec
2241 3683 2451 3747 ,verba
2503 3700 2700 3765 quae-

646 3880 694 3950 1)
733 3878 802 3932 cs.
838 3876 1026 3932 Africa
1065 3877 1350 3932 christiana
1390 3874 1631 3953 11.p.53.
1706 3875 1836 3944 Sine
1876 3893 2034 3932 causa
2070 3875 2320 3934 Morcelli
2359 3878 2540 3932 statuit
2575 3895 2698 3932 eum

533 3969 600 4026 ab
638 3988 685 4024 a.
723 3968 828 4026 200
867 3985 1037 4041 usque
1071 3969 1137 4022 ad
1175 3982 1220 4022 a.
1258 3967 1366 4024 204
1398 3966 1622 4022 sedisse.

641 4060 696 4130 2)
737 4057 898 4114 Prim.
935 4057 1055 4114 Afr.
1094 4077 1146 4130 p.
1183 4059 1272 4114 25.

641 4151 696 4223 3)
733 4151 768 4205 l.
804 4168 850 4204 c.
888 4169 940 4222 p.
967 4152 1084 4207 157.
1156 4147 1368 4218 Cogitat
1391 4149 1474 4204 vir
1505 4149 1848 4205 doctissimus
1875 4150 1943 4205 de
1981 4147 2237 4216 dissidiis,
2276 4149 2473 4220 quibus
2510 4148 2702 4202 eccle-

538 4243 616 4296 sia
646 4239 1018 4295 Tuburbitana
1056 4239 1309 4296 distracta
1349 4240 1454 4297 suit
1489 4242 1545 4295 in
1584 4249 1781 4312 partes.

643 4332 700 4398 4)
737 4330 801 4385 ad
842 4330 984 4384 hunc
1021 4329 1125 4384 loc.
1164 4328 1325 4386 Prim.
1365 4331 1498 4386 eccl.
1534 4329 1654 4385 Asr.
1685 4350 1740 4403 p.
1775 4331 1884 4388 242
1921 4332 2043 4387 adn.
2089 4330 2207 4386 141.
